3226 5168
377 503 433 568 ltu
649 521 756 566 ossus
778 519 892 566 ueouu
917 521 1127 567 oerrauurm.

373 638 533 718 llespousis
548 641 664 700 ostensa
678 638 744 714 Dei,
760 641 880 716 reguoto
894 634 1041 698 Britannis

374 759 502 840 Regibus
517 759 645 836 assidue,
662 780 718 824 uon
733 759 864 822 desolate
877 779 994 822 suorum

373 881 501 944 Consilio
516 901 679 964 procerum,
696 881 821 965 propriis
835 882 944 944 nudata
958 880 1079 954 colonis,

373 1003 491 1065 Civibus
507 1004 579 1064 orba
592 1003 660 1080 tuis,
677 1021 733 1083 que
748 1021 888 1082 nusquam
903 1001 1083 1066 subcubuisti

373 1125 510 1188 Hostibus
525 1123 554 1186 iu
570 1125 658 1186 bello!
674 1124 711 1186 da
724 1129 753 1186 te
767 1123 829 1188 sine
845 1123 916 1186 cede
930 1124 1089 1206 triumphat

373 1247 441 1310 Sola
452 1247 552 1308 lames.
595 1247 658 1308 lam
673 1247 769 1308 vultur
783 1244 868 1320 edax,
884 1263 1056 1325 corvusque,
1073 1245 1229 1328 lupusque,

374 1365 520 1428 Dilaniaul-
533 1385 674 1448 generose
688 1365 794 1428 ducum
809 1367 863 1428 sub
877 1365 938 1428 sole
951 1365 1054 1428 relicte

374 1489 514 1569 Corpora,
530 1487 618 1548 mixta
631 1505 703 1567 vage
719 1486 795 1548 nullo
810 1486 977 1549 discrimine
990 1487 1078 1568 plebi.

373 1607 516 1672 llurioolis
530 1612 579 1669 tua
592 1627 661 1670 rura
674 1608 743 1684 suis,
758 1611 788 1669 et
801 1607 909 1668 civibus
924 1607 1011 1670 urbes

373 1731 409 1790 El
422 1729 539 1791 castolla
553 1733 665 1806 carerrt;
683 1729 778 1791 nullus
791 1727 957 1790 citharedus
972 1729 1000 1790 iu
1014 1729 1091 1804 aula,
1136 1775 1140 1783 .

373 1852 475 1913 Nullus
489 1850 519 1912 iu
534 1849 654 1912 ecclesia
668 1855 778 1926 cautor,
795 1869 851 1912 uon
868 1869 977 1931 organa
991 1849 1089 1912 dulces

374 1971 576 2052 l¹crslrioguut
589 1970 737 2048 modulus3
756 1972 884 2034 lunsslas
899 1974 983 2034 nocte
998 1972 1128 2052 querelas

373 2093 464 2155 llcvia
478 2091 585 2174 promit
598 2092 676 2168 avis3
693 2092 797 2154 sterilis
813 2097 863 2154 tus
875 2095 954 2154 terra
968 2111 1070 2154 cruore

374 2211 484 2274 Fertilis
499 2219 544 2274 est
557 2211 719 2288 hominum;
736 2213 799 2275 sine
813 2211 921 2274 semiue
934 2213 1008 2274 falce
1022 2211 1162 2288 secanda,

374 2334 511 2397 Gramina
524 2335 677 2397 luxuriant.
722 2335 840 2398 Cunctis
856 2353 917 2397 mea
931 2334 1051 2414 regibus
1065 2333 1144 2410 olim,

373 2449 456 2510 Nunc
470 2453 515 2512 est
528 2450 604 2512 lucta
617 2449 685 2512 laris
699 2449 853 2525 habitacio,
868 2448 925 2510 vile
938 2449 1070 2530 luporum

374 2569 541 2652 llospicium
555 2569 670 2646 catulis,
687 2575 717 2632 ct
730 2569 827 2632 ledum
843 2569 977 2651 vulpibus
991 2574 1115 2633 antrum.

374 2695 435 2755 lloe
448 2693 550 2754 merito
564 2692 700 2774 patimur,
718 2711 806 2772 quum
821 2691 1019 2773 peccavimus;
1034 2691 1063 2754 io
1078 2711 1131 2753 uos

373 2813 515 2874 Fulminat
527 2813 571 2874 ira
585 2811 651 2888 Dei,
667 2831 751 2892 quem
765 2831 819 2873 uos
832 2810 1020 2887 offendimus;
1036 2811 1063 2873 iu
1078 2831 1131 2874 nos

374 2933 453 2996 Ulcio
468 2933 557 3014 digua
567 2932 662 3008 ¹uouit3
680 2938 795 2995 nostros
809 2951 935 3014 purgare
949 2937 1048 2996 reatus

376 3054 547 3129 babuimus,
564 3053 631 3115 dum
646 3057 760 3136 tempus
774 3057 846 3114 erat.
889 3053 1040 3116 Peciencia
1053 3054 1172 3130 Christi,

375 3175 583 3256 longanimis,
596 3176 707 3258 justam
722 3173 876 3237 vindictam
891 3173 1013 3252 distulit,
1030 3183 1061 3237 ut
1075 3195 1128 3238 uos

375 3297 516 3358 Excessus
529 3300 645 3357 uestros
659 3295 821 3375 delictaque
836 3295 1063 3376 corriperemus;

376 3417 435 3480 Setl
451 3415 518 3498 quie
533 3415 673 3478 voluimus
687 3435 792 3499 pravos
807 3435 990 3498 compescere
1005 3435 1134 3497 gressus,

375 3539 411 3598 Et
424 3536 516 3617 magis
530 3541 616 3616 atque
629 3536 722 3616 magis
737 3536 827 3599 creuit
841 3535 956 3598 vesania
969 3540 1078 3612 nostra,

379 3659 444 3740 lpse
458 3659 539 3719 Deus
553 3676 674 3718 corucus
688 3657 717 3718 in
731 3661 792 3718 toto
807 3675 929 3738 corpore
942 3657 1026 3737 regui

376 3780 469 3844 Omne
483 3783 572 3861 caput
583 3779 736 3857 languens,
752 3797 804 3841 eor
817 3797 940 3854 merens,
956 3778 1058 3862 putida
1071 3783 1199 3844 membra
1217 3803 1223 3843 :

373 3900 388 3926 ⁸*
400 3901 464 3962 Non
479 3919 553 3982 opus
567 3899 597 3961 iu
610 3900 721 3962 medico
736 3899 778 3962 sic
793 3897 1013 3976 infirmantibus,
1031 3899 1135 3980 iuquit.

377 4019 464 4084 Filius
479 4026 508 4083 et
522 4020 646 4101 genitor,
663 4019 787 4101 genitrix
801 4025 830 4081 et
845 4020 913 4098 lilia,
928 4021 1023 4082 clerus

376 4145 412 4209 ut
426 4143 483 4208 dus
498 4148 527 4206 et
540 4143 621 4206 miles
637 4141 903 4228 mortemjmoruero
916 4142 1014 4205 subire
1031 4163 1037 4203 :
