3206 5134
363 525 403 590 31
639 542 746 588 eesrr
767 543 881 587 anaor
902 543 1117 588 arrrrurrn.

363 658 447 718 Forte
461 654 563 734 uliquis
577 653 724 734 gladiusve
737 653 853 730 timens,
870 654 1017 716 modieeve
1032 659 1180 732 cruentus,

363 776 481 837 Labitur
496 774 525 836 in
540 778 661 850 terram;
679 773 794 856 dejecta
808 773 948 836 cadavere
962 775 1074 856 tapsum

363 894 550 974 Extinguunt,
566 893 719 973 fictamque
734 913 832 955 necem
845 914 924 956 mors
939 914 1006 956 vera
1020 899 1140 974 sequuta
1155 905 1210 958 est.

362 1014 413 1076 Est
427 1014 499 1076 alius
512 1015 596 1076 letale
610 1033 714 1094 gerens
728 1015 782 1076 sub
797 1019 914 1096 pectore
929 1016 1042 1090 virinus,

362 1132 435 1197 Cum
450 1153 541 1216 prope
555 1134 735 1216 prospiceret
748 1139 875 1196 actorem
890 1133 1028 1210 vulneris,
1043 1133 1137 1216 ipsum

361 1255 486 1337 Impetit‚
503 1259 533 1316 et
545 1254 647 1316 mersis
662 1253 760 1334 digitis
774 1253 803 1316 in
816 1258 944 1334 gutture,
960 1253 1048 1316 fronti

359 1375 503 1437 Dentibus
517 1373 618 1450 affixis,
634 1373 673 1436 ed
686 1375 809 1436 Tartara
821 1373 916 1436 tendit
929 1379 1061 1454 uterque.

360 1495 483 1558 Brenius
497 1513 567 1576 ergo
582 1493 683 1556 videns
698 1493 793 1556 socios
806 1495 869 1556 sine
883 1493 940 1557 tine
955 1494 1012 1556 diei

360 1617 519 1678 Dettecisse
534 1635 614 1693 suos,
631 1621 659 1677 et
673 1615 851 1697 prevaluisse
864 1617 1031 1697 Britannos,

360 1738 500 1800 Destituit
513 1757 663 1819 eampum3
680 1739 774 1800 lacero
789 1738 864 1818 fugit
877 1738 1006 1818 agmine;
1022 1738 1089 1800 titus

360 1857 396 1917 Et
409 1875 495 1920 nares
509 1863 654 1940 repetunt.
697 1857 762 1921 Nox
775 1857 907 1920 hostibus
921 1857 1006 1940 eripit
1020 1857 1114 1934 iliram

360 1977 417 2040 Vix
431 1997 515 2040 unam
527 1983 627 2041 nactus
641 1997 741 2040 narem
756 1977 807 2038 dat
819 1978 908 2040 lintea
922 1978 1025 2055 ventis,

361 2096 397 2158 Et
410 2097 485 2178 fugit
498 2098 536 2160 ad
552 2097 661 2175 Gallos,
677 2097 726 2160 ubi
741 2118 804 2160 sors
818 2117 871 2160 sua
886 2097 984 2178 dirigit
997 2099 1088 2161 illurn.

401 2219 501 2280 Fratre
515 2217 702 2301 triumphato,
719 2217 836 2280 Belinus
850 2219 973 2282 consulit
986 2239 1084 2282 omnes

361 2337 501 2402 Primates
515 2339 610 2419 regni,
628 2340 698 2419 quid
712 2345 780 2422 egat
793 2341 829 2402 de
842 2359 912 2420 rege
926 2346 1053 2404 retento.

360 2457 501 2520 Convenit
515 2463 547 2521 ut
559 2460 632 2523 liber
645 2480 695 2523 rex
709 2463 891 2542 permittatur
906 2461 986 2523 abire

361 2579 433 2642 Cum
448 2585 581 2644 consorte
594 2601 658 2659 sue,
674 2587 845 2663 sumantque
858 2582 1006 2664 perhenne
1020 2581 1157 2644 tributum

360 2701 489 2766 ADsois
502 2701 647 2764 Britones.
690 2703 815 2766 Firmato
830 2703 941 2779 federe,
957 2702 1030 2765 liber

359 2822 502 2899 Discedit,
519 2823 683 2905 potiturque
697 2843 750 2888 sua
763 2845 883 2888 securus
897 2825 1000 2886 amica.

359 2943 451 3005 Porro
466 2943 583 3006 Belinus
598 2965 630 3008 se
645 2947 736 3008 solum
751 2947 860 3026 gaudet
873 2947 982 3008 honore

359 3062 490 3126 Ditetum
504 3065 603 3146 regni;
619 3067 698 3147 leges
709 3067 796 3148 jubet
808 3067 959 3129 inviolatas

360 3183 431 3246 Esse
444 3183 488 3246 sui
503 3185 605 3266 patris.
648 3187 787 3250 Procerus
800 3192 896 3250 tamen
911 3188 973 3269 ipsa
988 3188 1098 3251 viarum

360 3304 375 3364 J
379 3323 431 3366 ura
444 3309 571 3382 mouent,
587 3324 744 3387 regemque
758 3311 914 3388 precantur
928 3312 961 3369 ut
974 3307 1082 3370 indicet
1095 3308 1151 3371 illis

362 3422 443 3494 Ques
456 3427 537 3486 tutus
546 3423 633 3506 jubet
647 3443 711 3488 esse
727 3426 796 3503 vias,
813 3425 932 3506 regique
946 3427 1066 3490 dicatus.

399 3544 461 3606 Rex
475 3543 565 3624 igitur
577 3549 672 3607 motus
685 3563 837 3626 procerum
851 3566 948 3628 prece,
965 3547 1089 3629 precipit
1104 3569 1191 3611 unuin

360 3662 481 3725 Extendi
495 3664 595 3727 callem
609 3665 671 3745 qui,
684 3667 777 3728 tactus
792 3671 916 3730 scemate
931 3667 1030 3745 misto,

360 3783 407 3845 Ad
420 3801 498 3846 mare
514 3785 710 3848 Comichieum
725 3785 871 3850 Catinensi
886 3788 973 3849 ducat
987 3789 1023 3849 ab
1039 3789 1125 3864 urbe;

360 3905 441 3967 Alter
454 3903 492 3968 ad
506 3906 642 3968 Hemonis
656 3911 773 3988 portum
786 3907 927 3970 ducturus
941 3909 977 3970 ab
991 3910 1063 3970 urbo
1079 3915 1124 3970 est

359 4025 488 4100 Meneia;
504 4027 647 4106 callesque
661 4025 736 4088 duos
751 4047 806 4088 non
822 4029 930 4107 absque
946 4029 1042 4090 labore

358 4145 444 4205 Ducit
459 4146 494 4206 ab
510 4146 625 4223 obliquo
640 4146 689 4224 qui
703 4147 835 4208 cautettat
850 4149 1007 4227 regionem.
