3226 5168
368 497 408 563 dt
647 516 752 565 aasrr
774 521 887 565 ueouu
910 517 1121 568 currendam.

369 629 525 692 Adducunt
539 649 647 694 secum.
691 632 751 694 Rex
766 631 841 693 letus
855 629 977 713 suscipit
990 632 1054 694 ittos
1133 657 1135 662 ·

367 751 402 812 Et
416 750 505 814 donat
518 751 612 828 donis,
629 771 751 833 quorum
766 752 871 814 virtute
885 751 1047 835 triumphos

366 871 488 953 Optinet
501 872 676 936 innumeros.
718 872 854 954 Engistus
868 893 982 957 semper
993 893 1092 938 eorum

365 993 539 1071 dugmentat
552 1011 712 1055 numerum.
757 993 822 1066 Qua
836 1013 901 1056 curn
916 993 1014 1058 videre
1027 994 1167 1071 Britanni,

364 1111 504 1174 Saxonice
517 1111 611 1193 gentis
625 1117 785 1176 metuentes
799 1113 1009 1195 prodicionem,

363 1231 436 1313 Regi
451 1232 494 1296 sic
507 1233 598 1316 aiunt,
614 1233 704 1296 oculis
718 1233 911 1316 prodentibus
924 1233 996 1296 iram
1014 1255 1021 1294 :

403 1352 417 1378 “
430 1354 456 1417 Ο
471 1357 536 1416 rext
552 1353 712 1417 mirandum
727 1359 772 1416 est
785 1359 814 1416 ta
829 1353 1014 1436 conjunxisse
1028 1355 1153 1436 pueliam

362 1475 410 1537 Sic
424 1475 475 1537 tibi
490 1476 635 1556 gentitem.
678 1476 763 1538 Nulla
778 1479 823 1537 est
836 1476 990 1538 convencio
1005 1475 1114 1539 Christi

363 1595 407 1658 ltd
422 1596 537 1678 Eclya13
553 1596 642 1658 mutto
657 1595 749 1677 magis
763 1601 808 1658 est
821 1595 951 1659 mirabile
965 1598 1048 1678 regni

361 1717 404 1777 Te
418 1716 488 1778 dare
501 1717 583 1779 irena
595 1716 636 1780 tui
651 1717 759 1800 populo
774 1716 835 1780 sine
850 1718 914 1797 lege
927 1719 1066 1798 regenda.

361 1837 404 1898 Te
418 1837 498 1917 regni
512 1841 658 1918 expertem
673 1855 744 1918 gens
758 1836 882 1899 reddere
899 1837 1001 1900 nititur
1015 1840 1104 1901 exlex.

361 1959 488 2020 Saxones
503 1976 647 2034 amoveas,
663 1958 754 2038 quite
769 1957 915 2040 deponere
926 1963 1079 2040 temptant.
1093 1959 1110 1984 ”

361 2079 421 2141 Rex
435 2085 529 2141 tamen
543 2079 598 2142 hoc
612 2079 674 2141 tieri
688 2079 798 2155 renuit3
815 2079 1002 2142 communiter
1015 2081 1093 2144 ittum

360 2201 529 2263 Destituunt
543 2200 691 2277 Britones;
708 2219 856 2282 proceres,
870 2201 964 2283 ptebs,
980 2201 1075 2264 clerus
1090 2202 1230 2265 adherent

359 2321 533 2398 Vortimero,
549 2320 700 2402 patrisque
714 2320 759 2382 sui
773 2321 908 2384 diadema
921 2321 1014 2384 relicti

359 2441 512 2525 tmponunt
526 2441 590 2525 ejus
604 2441 690 2524 capiti
708 2463 714 2503 :
732 2461 823 2504 novus
838 2459 908 2524 ergo
924 2445 1041 2504 vocatus

357 2567 418 2630 Rex
433 2565 616 2643 exercitibus,
633 2566 747 2646 exleges
761 2566 853 2628 fertur
866 2565 896 2628 in
910 2566 1020 2629 hostes.

357 2687 404 2750 Nil
419 2687 458 2750 ibi
472 2687 642 2764 Mercurius,
658 2685 697 2749 nil
711 2687 833 2768 prodest
845 2687 959 2769 Jupiter
973 2692 1023 2750 aut
1036 2689 1127 2766 biars3
1325 2711 1386 2758 asso

356 2807 489 2871 Christus
503 2806 602 2883 vincit,
620 2806 753 2870 Christus
767 2811 872 2886 regnat
886 2812 916 2868 et
929 2807 1053 2890 imperat
1066 2808 1135 2871 illic.

354 2927 451 3008 'terga
465 2926 516 2990 dat
528 2925 666 3008 Engistus
680 2927 796 2990 minima
810 2945 873 2990 cum
888 2933 972 3010 parte
986 2947 1116 3005 suorum,

354 3049 389 3111 Et
402 3048 450 3111 rix
464 3049 589 3112 evadens
605 3067 670 3112 cum
685 3047 787 3131 paucis
801 3047 923 3111 navibus
938 3049 996 3110 exit

354 3170 399 3231 De
413 3189 518 3251 regno;
535 3188 699 3250 generoque
714 3187 767 3232 suo
782 3173 906 3249 nataque
921 3187 975 3231 sua
987 3169 1106 3246 relictis,

354 3289 508 3352 Saxoniam
521 3289 638 3372 repetit,
654 3288 693 3352 nit
707 3288 827 3370 dignum
841 3287 928 3352 laude
941 3294 1103 3371 reportans.

393 3409 576 3473 Vortimerus
591 3429 672 3486 vcro,
687 3414 841 3492 postquam
857 3409 978 3472 victoria
992 3414 1071 3472 tanta

353 3530 450 3594 Cessit
463 3531 500 3607 ei,
516 3529 653 3612 dispersit
666 3547 753 3612 opes3
769 3529 820 3592 dat
833 3530 914 3610 larga
928 3529 1060 3612 maniplis

353 3653 439 3713 Dona
452 3651 528 3728 suis;
545 3652 644 3728 urbes,
661 3651 752 3728 vittas,
769 3651 896 3728 castella,
913 3651 1072 3732 domosque

354 3771 411 3833 uus
425 3769 564 3847 restituit,
580 3769 685 3851 quibus
698 3771 752 3832 has
768 3771 950 3832 subtraxerat
965 3776 1031 3832 ante

352 3893 444 3956 Etiera
459 3912 542 3975 gens,
559 3892 723 3973 Christique
738 3891 824 3954 fidem
839 3897 1034 3974 preceptaqne
1048 3898 1155 3956 servat.
1322 3917 1383 3964 sano

351 4015 428 4076 Dum
442 4013 515 4076 benc
530 4011 660 4095 disponit
672 4031 774 4092 regno,
792 4013 860 4074 dum
874 4017 977 4092 regnat
990 4012 1097 4093 ubique

351 4136 409 4197 Pax
424 4139 452 4196 ct
466 4153 557 4210 amor,
574 4133 642 4196 dum
656 4133 703 4195 fur
716 4151 870 4213 nusquam,
886 4133 954 4195 dum
969 4134 1060 4216 predo
1076 4135 1211 4214 quiescit,
