3206 5134
578 545 683 591 LIBER
702 545 870 598 QUARTUS.

247 656 316 718 lude
331 655 414 734 Geel,
430 655 477 718 cui
490 655 569 718 clara
582 653 651 717 duci
665 654 844 718 Colocestria
858 659 952 736 paret,

206 778 440 859 Asclepiodotum
454 777 605 840 commisso
620 781 716 839 mente
729 775 864 859 peremit,

206 899 427 980 Assumpsitque
440 899 496 961 sibi
510 899 594 980 regni
608 897 778 960 diadematis
793 916 889 972 usum,

207 1019 352 1100 [Letiticat
364 1021 442 1102 regis
455 1041 534 1083 mors
548 1021 603 1083 bec
617 1019 716 1082 audita
730 1018 877 1100 senatum]

205 1139 241 1202 st
254 1145 346 1204 totum
359 1141 521 1224 imperinm.
564 1139 756 1205 consensius
771 1157 841 1219 erge
856 1143 973 1202 senator

204 1261 328 1325 Mittitur
341 1262 370 1324 in
385 1263 529 1339 Britones,
545 1267 578 1324 ut
588 1261 659 1345 jura
672 1261 810 1324 resarciat
824 1260 888 1323 urbi

205 1381 323 1445 Perdita
335 1384 483 1461 Romulea,
500 1383 575 1446 sicut
588 1384 752 1464 subjecerat
765 1386 831 1444 aute

205 1504 343 1586 Esperios
356 1506 458 1568 Reme.
501 1505 595 1588 Cujus
609 1509 744 1568 narrante
760 1503 842 1566 Gueli

206 1624 369 1688 Adventum
382 1627 469 1702 fama,
484 1645 535 1688 rex
548 1631 730 1708 pugnaturns
744 1623 774 1686 in
788 1623 854 1708 ejus

206 1748 244 1810 Se
259 1749 336 1829 gerit
349 1770 514 1828 occursum,
528 1769 586 1812 non
600 1750 698 1826 armis,
715 1748 768 1811 sed
779 1767 866 1831 pacc3
884 1766 941 1808 non
957 1746 994 1822 vi,

207 1869 265 1932 Sed
279 1871 360 1952 pacis
372 1872 472 1954 siguo,
489 1892 600 1935 ramum
613 1871 731 1934 virentis
746 1871 819 1932 olive

208 1994 238 2054 iu
254 1993 355 2057 deutra
368 2001 499 2076 gestans,
513 1997 641 2060 Romano
656 1995 760 2057 subicit
773 1995 850 2056 illum

207 2115 328 2198 imperio
341 2137 474 2198 regnum.
517 2120 567 2182 Sic
579 2118 661 2200 pacis
675 2135 793 2180 munere
806 2117 911 2196 fretus,

206 2237 270 2298 Uno
284 2257 382 2300 mense
394 2240 485 2320 regit3
501 2239 616 2302 tandem
631 2258 709 2302 mors
724 2237 827 2300 dividit
839 2236 929 2298 iilum.

207 2357 284 2420 Ossa
296 2361 401 2442 premit
414 2361 510 2438 tellus,
526 2361 600 2444 petit
613 2361 713 2424 ethera
727 2379 795 2442 spes
809 2358 886 2441 ejus.

207 2481 340 2544 Defuncti
354 2483 446 2565 patris
459 2484 566 2546 Helene
580 2483 760 2546 sanctissima
774 2483 881 2564 proles,

207 2601 302 2678 Unda,
318 2604 458 2685 prestanti
470 2604 553 2682 faeie,
568 2606 680 2686 prelata
693 2603 797 2686 puellis

208 2721 336 2786 Occidue
350 2727 447 2806 plage,
464 2725 591 2808 sapiens,
607 2724 742 2802 facunda,
759 2725 900 2788 chorusca

208 2843 326 2907 Artibus
340 2845 483 2926 ingenuis,
499 2847 614 2927 signata
628 2850 773 2908 caractere
788 2845 906 2920 Christi,

208 2962 298 3027 Grata
310 2965 374 3026 Deo
388 2965 538 3046 servisque
551 2967 618 3042 Dei,
634 2965 702 3028 data
715 2965 808 3046 gratia
821 2963 959 3027 ministris

208 3084 336 3148 Contulit
348 3087 446 3150 altaris
464 3108 471 3148 :
487 3087 542 3150 boc
556 3093 601 3150 est
614 3107 670 3168 que
685 3088 791 3150 dicitur
804 3087 870 3150 olim

208 3208 352 3272 invenisse
366 3230 480 3273 crucem
494 3211 621 3287 Domini,
637 3210 819 3274 tradentibus
833 3209 874 3272 illi

206 3329 318 3393 tedeis.
360 3331 464 3394 tudam
479 3332 527 3413 qui
541 3333 649 3394 sactum
663 3335 793 3411 noverat,
809 3332 886 3394 iilam

207 3450 295 3512 Ducit
307 3451 336 3514 in
350 3471 468 3514 uxorem
484 3451 686 3530 Constancius,
703 3461 732 3515 ct
746 3452 881 3515 diadema

207 3571 371 3666 assumpsit
383 3573 481 3652 regale
495 3572 590 3648 simul,
601 3557 761 3653 'lustrisque
776 3572 890 3635 dnobus

207 3689 301 3772 Rexit,
317 3692 445 3754 etunius
460 3692 559 3774 spacio
574 3713 630 3756 non
644 3693 767 3776 amplius
782 3694 850 3756 anni

207 3811 251 3872 De
264 3813 359 3875 medio
373 3815 502 3877 sublatus
517 3815 589 3876 obit.
632 3816 709 3879 Snus
724 3815 837 3878 inclitus
851 3817 947 3892 heres,

203 3933 411 4028 *Constantinus
425 3937 452 3998 ei
465 3937 604 4014 succedit,
620 3937 670 4017 qni
684 3957 756 4020 puer·
770 3938 863 4014 annis,

208 4057 301 4118 biente
314 4077 411 4135 senex,
427 4058 525 4122 hostes
539 4065 666 4136 enervat,
683 4061 757 4123 ditat
769 4061 888 4123 amicos.

208 4175 265 4236 Pax
277 4197 377 4240 secura
391 4179 480 4258 viget,
496 4179 634 4262 pacisque
647 4180 805 4244 domestica
816 4181 900 4263 jura;
