<?xml version="1.0" encoding="UTF-8"?>
<!DOCTYPE html PUBLIC "-//W3C//DTD XHTML 1.0 Transitional//EN"
    "http://www.w3.org/TR/xhtml1/DTD/xhtml1-transitional.dtd">
<html xmlns="http://www.w3.org/1999/xhtml" xml:lang="en" lang="en">
 <head>
  <title>
</title>
<meta http-equiv="Content-Type" content="text/html;charset=utf-8" />
  <meta name='ocr-system' content='tesseract 3.04.00' />
  <meta name='ocr-capabilities' content='ocr_page ocr_carea ocr_par ocr_line ocrx_word'/>
</head>
<body>
  <div class='ocr_page' id='page_1' title='image "./gestaregumbrita00assogoog_0037.png"; bbox 0 0 3206 5134; ppageno 0'>
   <div class='ocr_carea' id='block_1_1' title="bbox 384 482 1133 548">
    <p class='ocr_par' dir='ltr' id='par_1_1' title="bbox 384 482 1133 548">
     <span class='ocr_line' id='line_1_1' title="bbox 384 482 1133 548; baseline -0.011 0"><span class='ocrx_word' id='word_1_1' title='bbox 384 482 421 548; x_wconf 70' lang='grc'>11</span> <span class='ocrx_word' id='word_1_2' title='bbox 658 500 765 546; x_wconf 78' lang='grc'><strong>00001</strong></span> <span class='ocrx_word' id='word_1_3' title='bbox 785 499 899 544; x_wconf 80' lang='grc' dir='ltr'><strong>000οι</strong></span> <span class='ocrx_word' id='word_1_4' title='bbox 922 496 1133 544; x_wconf 75' lang='lat' dir='ltr'>sarranium.</span> 
     </span>
    </p>
   </div>
   <div class='ocr_carea' id='block_1_2' title="bbox 380 609 1135 1176">
    <p class='ocr_par' dir='ltr' id='par_1_2' title="bbox 383 609 1097 816">
     <span class='ocr_line' id='line_1_2' title="bbox 383 609 1097 690; baseline -0.003 -14"><span class='ocrx_word' id='word_1_5' title='bbox 383 613 526 678; x_wconf 87' lang='lat' dir='ltr'>Coossictu</span> <span class='ocrx_word' id='word_1_6' title='bbox 540 614 662 676; x_wconf 90' lang='lat' dir='ltr'>socium.</span> <span class='ocrx_word' id='word_1_7' title='bbox 705 613 801 676; x_wconf 85' lang='lat' dir='ltr'>Patrio</span> <span class='ocrx_word' id='word_1_8' title='bbox 815 609 985 675; x_wconf 89' lang='lat' dir='ltr'>commercia</span> <span class='ocrx_word' id='word_1_9' title='bbox 999 611 1097 690; x_wconf 85' lang='lat' dir='ltr'>lingue</span> 
     </span>
     <span class='ocr_line' id='line_1_3' title="bbox 383 731 1048 816; baseline -0.006 -20"><span class='ocrx_word' id='word_1_10' title='bbox 383 737 441 796; x_wconf 89' lang='grc'><strong>1100</strong></span> <span class='ocrx_word' id='word_1_11' title='bbox 456 739 485 794; x_wconf 91' lang='grc'>01</span> <span class='ocrx_word' id='word_1_12' title='bbox 496 753 547 796; x_wconf 87' lang='grc'>000</span> <span class='ocrx_word' id='word_1_13' title='bbox 561 735 659 796; x_wconf 82' lang='lat' dir='ltr'>audita</span> <span class='ocrx_word' id='word_1_14' title='bbox 669 733 785 816; x_wconf 86' lang='lat' dir='ltr'>juvant,</span> <span class='ocrx_word' id='word_1_15' title='bbox 801 739 830 795; x_wconf 88' lang='lat' dir='ltr'>et</span> <span class='ocrx_word' id='word_1_16' title='bbox 846 731 940 813; x_wconf 86' lang='lat' dir='ltr'>gentis</span> <span class='ocrx_word' id='word_1_17' title='bbox 955 731 1048 811; x_wconf 87' lang='lat' dir='ltr'>origo.</span> 
     </span>
    </p>

    <p class='ocr_par' dir='ltr' id='par_1_3' title="bbox 380 853 1135 1176">
     <span class='ocr_line' id='line_1_4' title="bbox 382 853 1006 936; baseline -0.006 -19"><span class='ocrx_word' id='word_1_18' title='bbox 382 857 452 918; x_wconf 87' lang='lat' dir='ltr'>Sese</span> <span class='ocrx_word' id='word_1_19' title='bbox 466 855 597 918; x_wconf 82' lang='lat' dir='ltr'><strong>concives</strong></span> <span class='ocrx_word' id='word_1_20' title='bbox 612 875 734 936; x_wconf 79' lang='lat' dir='ltr'>seseque</span> <span class='ocrx_word' id='word_1_21' title='bbox 748 856 874 918; x_wconf 79' lang='grc'><strong>10100100</strong></span> <span class='ocrx_word' id='word_1_22' title='bbox 887 853 1006 915; x_wconf 91' lang='lat' dir='ltr'>amicos.</span> 
     </span>
     <span class='ocr_line' id='line_1_5' title="bbox 382 973 1088 1055; baseline -0.007 -17"><span class='ocrx_word' id='word_1_23' title='bbox 382 975 538 1038; x_wconf 77' lang='lat' dir='ltr'>littoribus</span> <span class='ocrx_word' id='word_1_24' title='bbox 552 975 741 1055; x_wconf 79' lang='lat' dir='ltr'>domibusque</span> <span class='ocrx_word' id='word_1_25' title='bbox 754 975 814 1038; x_wconf 86' lang='lat' dir='ltr'>suis</span> <span class='ocrx_word' id='word_1_26' title='bbox 829 975 957 1053; x_wconf 88' lang='lat' dir='ltr'>ortisque</span> <span class='ocrx_word' id='word_1_27' title='bbox 970 973 1088 1048; x_wconf 87' lang='lat' dir='ltr'>relictis,</span> 
     </span>
     <span class='ocr_line' id='line_1_6' title="bbox 380 1095 1135 1176; baseline -0.004 -18"><span class='ocrx_word' id='word_1_28' title='bbox 380 1099 447 1160; x_wconf 84' lang='lat' dir='ltr'>Dux</span> <span class='ocrx_word' id='word_1_29' title='bbox 462 1115 526 1158; x_wconf 92' lang='lat' dir='ltr'>cum</span> <span class='ocrx_word' id='word_1_30' title='bbox 541 1101 627 1176; x_wconf 89' lang='lat' dir='ltr'>gente</span> <span class='ocrx_word' id='word_1_31' title='bbox 641 1115 693 1158; x_wconf 92' lang='grc'>000</span> <span class='ocrx_word' id='word_1_32' title='bbox 706 1097 828 1158; x_wconf 90' lang='lat' dir='ltr'>Brutum</span> <span class='ocrx_word' id='word_1_33' title='bbox 841 1095 993 1158; x_wconf 75' lang='lat' dir='ltr'><strong>comitatur</strong></span> <span class='ocrx_word' id='word_1_34' title='bbox 1008 1099 1135 1156; x_wconf 80' lang='lat' dir='ltr'>euntem.</span> 
     </span>
    </p>
   </div>
   <div class='ocr_carea' id='block_1_3' title="bbox 380 1215 1147 1300">
    <p class='ocr_par' dir='ltr' id='par_1_4' title="bbox 380 1215 1147 1300">
     <span class='ocr_line' id='line_1_7' title="bbox 380 1215 1147 1300; baseline -0.003 -22"><span class='ocrx_word' id='word_1_35' title='bbox 380 1217 449 1280; x_wconf 90' lang='lat' dir='ltr'>lude</span> <span class='ocrx_word' id='word_1_36' title='bbox 463 1237 516 1300; x_wconf 90' lang='lat' dir='ltr'>per</span> <span class='ocrx_word' id='word_1_37' title='bbox 530 1217 688 1278; x_wconf 88' lang='lat' dir='ltr'>inmensum</span> <span class='ocrx_word' id='word_1_38' title='bbox 702 1235 780 1278; x_wconf 90' lang='lat' dir='ltr'>mare</span> <span class='ocrx_word' id='word_1_39' title='bbox 794 1235 913 1278; x_wconf 88' lang='lat' dir='ltr'>currens</span> <span class='ocrx_word' id='word_1_40' title='bbox 927 1215 1032 1277; x_wconf 83' lang='lat' dir='ltr'>Troica</span> <span class='ocrx_word' id='word_1_41' title='bbox 1046 1215 1147 1277; x_wconf 88' lang='lat' dir='ltr'>classis</span> 
     </span>
    </p>
   </div>
   <div class='ocr_carea' id='block_1_4' title="bbox 374 1335 1223 4184">
    <p class='ocr_par' dir='ltr' id='par_1_5' title="bbox 379 1335 1181 1897">
     <span class='ocr_line' id='line_1_8' title="bbox 380 1335 1180 1418; baseline -0.003 -20"><span class='ocrx_word' id='word_1_42' title='bbox 380 1339 470 1400; x_wconf 88' lang='lat' dir='ltr'>intrat</span> <span class='ocrx_word' id='word_1_43' title='bbox 483 1339 511 1400; x_wconf 95' lang='lat' dir='ltr'>in</span> <span class='ocrx_word' id='word_1_44' title='bbox 526 1357 559 1398; x_wconf 94' lang='lat' dir='ltr'>os</span> <span class='ocrx_word' id='word_1_45' title='bbox 572 1337 695 1417; x_wconf 81' lang='lat' dir='ltr'>Ligeris,</span> <span class='ocrx_word' id='word_1_46' title='bbox 711 1357 766 1418; x_wconf 88' lang='lat' dir='ltr'>per</span> <span class='ocrx_word' id='word_1_47' title='bbox 779 1337 857 1416; x_wconf 91' lang='lat' dir='ltr'>quod</span> <span class='ocrx_word' id='word_1_48' title='bbox 871 1335 1021 1398; x_wconf 89' lang='lat' dir='ltr'>descendit</span> <span class='ocrx_word' id='word_1_49' title='bbox 1036 1336 1064 1397; x_wconf 93' lang='grc'>10</span> <span class='ocrx_word' id='word_1_50' title='bbox 1079 1355 1180 1414; x_wconf 85' lang='lat' dir='ltr'>equor.</span> 
     </span>
     <span class='ocr_line' id='line_1_9' title="bbox 379 1455 1181 1539; baseline -0.002 -21"><span class='ocrx_word' id='word_1_51' title='bbox 379 1458 517 1519; x_wconf 89' lang='lat' dir='ltr'>Noctibus</span> <span class='ocrx_word' id='word_1_52' title='bbox 531 1457 578 1520; x_wconf 91' lang='lat' dir='ltr'>hic</span> <span class='ocrx_word' id='word_1_53' title='bbox 592 1465 701 1539; x_wconf 87' lang='lat' dir='ltr'>septem</span> <span class='ocrx_word' id='word_1_54' title='bbox 716 1461 864 1518; x_wconf 77' lang='lat' dir='ltr'><strong>remanent</strong></span> <span class='ocrx_word' id='word_1_55' title='bbox 876 1456 1055 1536; x_wconf 90' lang='lat' dir='ltr'>totidemque</span> <span class='ocrx_word' id='word_1_56' title='bbox 1068 1455 1181 1517; x_wconf 86' lang='lat' dir='ltr'>diebus.</span> 
     </span>
     <span class='ocr_line' id='line_1_10' title="bbox 380 1577 1148 1660; baseline -0.003 -20"><span class='ocrx_word' id='word_1_57' title='bbox 380 1581 403 1640; x_wconf 84' lang='lat' dir='ltr'><strong>A</strong></span> <span class='ocrx_word' id='word_1_58' title='bbox 419 1579 528 1640; x_wconf 77' lang='lat' dir='ltr'>dextris</span> <span class='ocrx_word' id='word_1_59' title='bbox 538 1579 620 1660; x_wconf 86' lang='lat' dir='ltr'>jacet</span> <span class='ocrx_word' id='word_1_60' title='bbox 633 1578 690 1639; x_wconf 90' lang='lat' dir='ltr'>hiis</span> <span class='ocrx_word' id='word_1_61' title='bbox 706 1577 866 1657; x_wconf 79' lang='lat' dir='ltr'>Aquitania.</span> <span class='ocrx_word' id='word_1_62' title='bbox 910 1579 971 1640; x_wconf 83' lang='lat' dir='ltr'>ilex</span> <span class='ocrx_word' id='word_1_63' title='bbox 984 1577 1061 1656; x_wconf 87' lang='lat' dir='ltr'>regit</span> <span class='ocrx_word' id='word_1_64' title='bbox 1073 1577 1148 1638; x_wconf 87' lang='lat' dir='ltr'>iilam</span> 
     </span>
     <span class='ocr_line' id='line_1_11' title="bbox 380 1697 1057 1777; baseline -0.006 -17"><span class='ocrx_word' id='word_1_65' title='bbox 380 1697 525 1760; x_wconf 80' lang='lat' dir='ltr'>Gotiorius</span> <span class='ocrx_word' id='word_1_66' title='bbox 539 1698 649 1774; x_wconf 86' lang='lat' dir='ltr'>Pictus,</span> <span class='ocrx_word' id='word_1_67' title='bbox 665 1717 683 1760; x_wconf 90' lang='grc'>0</span> <span class='ocrx_word' id='word_1_68' title='bbox 697 1717 753 1777; x_wconf 93' lang='lat' dir='ltr'>quo</span> <span class='ocrx_word' id='word_1_69' title='bbox 768 1697 896 1759; x_wconf 79' lang='lat' dir='ltr'>Pictauia</span> <span class='ocrx_word' id='word_1_70' title='bbox 908 1697 987 1758; x_wconf 90' lang='lat' dir='ltr'>dicta</span> <span class='ocrx_word' id='word_1_71' title='bbox 1001 1701 1057 1757; x_wconf 89' lang='lat' dir='ltr'>est.</span> 
     </span>
     <span class='ocr_line' id='line_1_12' title="bbox 379 1815 965 1897; baseline -0.003 -19"><span class='ocrx_word' id='word_1_72' title='bbox 379 1815 529 1880; x_wconf 76' lang='lat' dir='ltr'>Adventus</span> <span class='ocrx_word' id='word_1_73' title='bbox 543 1837 613 1897; x_wconf 91' lang='lat' dir='ltr'>ergo</span> <span class='ocrx_word' id='word_1_74' title='bbox 628 1837 729 1880; x_wconf 87' lang='lat' dir='ltr'>causas</span> <span class='ocrx_word' id='word_1_75' title='bbox 743 1817 965 1896; x_wconf 80' lang='lat' dir='ltr'>alienigenarum</span> 
     </span>
    </p>

    <p class='ocr_par' dir='ltr' id='par_1_6' title="bbox 378 1935 1142 2380">
     <span class='ocr_line' id='line_1_13' title="bbox 378 1935 1110 2018; baseline -0.004 -19"><span class='ocrx_word' id='word_1_76' title='bbox 378 1938 438 1999; x_wconf 86' lang='lat' dir='ltr'>Rex</span> <span class='ocrx_word' id='word_1_77' title='bbox 450 1935 536 2018; x_wconf 86' lang='lat' dir='ltr'>jubet</span> <span class='ocrx_word' id='word_1_78' title='bbox 549 1937 665 2016; x_wconf 82' lang='lat' dir='ltr'>inquiri,</span> <span class='ocrx_word' id='word_1_79' title='bbox 681 1955 781 2018; x_wconf 86' lang='lat' dir='ltr'>pacem</span> <span class='ocrx_word' id='word_1_80' title='bbox 795 1938 936 2000; x_wconf 79' lang='lat' dir='ltr'>bellumue</span> <span class='ocrx_word' id='word_1_81' title='bbox 951 1935 1110 2016; x_wconf 87' lang='lat' dir='ltr'>requirant.</span> 
     </span>
     <span class='ocr_line' id='line_1_14' title="bbox 378 2055 1036 2138; baseline 0.002 -19"><span class='ocrx_word' id='word_1_82' title='bbox 378 2055 466 2136; x_wconf 84' lang='lat' dir='ltr'>Regis</span> <span class='ocrx_word' id='word_1_83' title='bbox 481 2055 582 2134; x_wconf 87' lang='lat' dir='ltr'>legalis</span> <span class='ocrx_word' id='word_1_84' title='bbox 597 2055 738 2118; x_wconf 89' lang='lat' dir='ltr'>Corineus</span> <span class='ocrx_word' id='word_1_85' title='bbox 753 2056 811 2119; x_wconf 83' lang='lat' dir='ltr'>dux</span> <span class='ocrx_word' id='word_1_86' title='bbox 826 2057 933 2134; x_wconf 82' lang='lat' dir='ltr'>obviat,</span> <span class='ocrx_word' id='word_1_87' title='bbox 949 2077 1036 2138; x_wconf 90' lang='lat' dir='ltr'>apros</span> 
     </span>
     <span class='ocr_line' id='line_1_15' title="bbox 379 2175 1050 2256; baseline -0.001 -17"><span class='ocrx_word' id='word_1_88' title='bbox 379 2179 525 2240; x_wconf 88' lang='lat' dir='ltr'>insectans</span> <span class='ocrx_word' id='word_1_89' title='bbox 539 2175 666 2256; x_wconf 88' lang='lat' dir='ltr'>aliasque</span> <span class='ocrx_word' id='word_1_90' title='bbox 681 2177 800 2239; x_wconf 82' lang='lat' dir='ltr'>ferasin</span> <span class='ocrx_word' id='word_1_91' title='bbox 815 2179 959 2240; x_wconf 86' lang='lat' dir='ltr'>montibus</span> <span class='ocrx_word' id='word_1_92' title='bbox 973 2177 1050 2240; x_wconf 86' lang='lat' dir='ltr'>eltis.</span> 
     </span>
     <span class='ocr_line' id='line_1_16' title="bbox 378 2298 1142 2380; baseline 0 -20"><span class='ocrx_word' id='word_1_93' title='bbox 378 2298 530 2360; x_wconf 85' lang='lat' dir='ltr'>Missurum</span> <span class='ocrx_word' id='word_1_94' title='bbox 545 2299 665 2379; x_wconf 85' lang='lat' dir='ltr'>primus,</span> <span class='ocrx_word' id='word_1_95' title='bbox 682 2299 858 2380; x_wconf 81' lang='lat' dir='ltr'>llymbertus</span> <span class='ocrx_word' id='word_1_96' title='bbox 873 2299 998 2374; x_wconf 88' lang='lat' dir='ltr'>nomine,</span> <span class='ocrx_word' id='word_1_97' title='bbox 1015 2300 1120 2360; x_wconf 87' lang='lat' dir='ltr'>elamat</span> <span class='ocrx_word' id='word_1_98' title='bbox 1135 2320 1142 2359; x_wconf 79' lang='grc' dir='ltr'><strong><em>ε</em></strong></span> 
     </span>
    </p>

    <p class='ocr_par' dir='ltr' id='par_1_7' title="bbox 376 2417 1131 2858">
     <span class='ocr_line' id='line_1_17' title="bbox 377 2417 1131 2500; baseline -0.003 -17"><span class='ocrx_word' id='word_1_99' title='bbox 377 2417 391 2444; x_wconf 78' lang='grc'>“</span> <span class='ocrx_word' id='word_1_100' title='bbox 405 2421 430 2482; x_wconf 94' lang='lat' dir='ltr'>O</span> <span class='ocrx_word' id='word_1_101' title='bbox 446 2417 543 2482; x_wconf 78' lang='lat' dir='ltr'>stolidi</span> <span class='ocrx_word' id='word_1_102' title='bbox 558 2417 712 2498; x_wconf 82' lang='lat' dir='ltr'>miserique</span> <span class='ocrx_word' id='word_1_103' title='bbox 727 2419 792 2494; x_wconf 91' lang='lat' dir='ltr'>viri,</span> <span class='ocrx_word' id='word_1_104' title='bbox 807 2419 950 2498; x_wconf 86' lang='lat' dir='ltr'>mortique</span> <span class='ocrx_word' id='word_1_105' title='bbox 964 2419 1131 2500; x_wconf 91' lang='lat' dir='ltr'>propinqui,</span> 
     </span>
     <span class='ocr_line' id='line_1_18' title="bbox 378 2539 1026 2618; baseline -0.005 -16"><span class='ocrx_word' id='word_1_106' title='bbox 378 2541 443 2612; x_wconf 88' lang='lat' dir='ltr'>Quo</span> <span class='ocrx_word' id='word_1_107' title='bbox 458 2559 509 2601; x_wconf 81' lang='lat' dir='ltr'>ros</span> <span class='ocrx_word' id='word_1_108' title='bbox 524 2539 554 2600; x_wconf 91' lang='lat' dir='ltr'>in</span> <span class='ocrx_word' id='word_1_109' title='bbox 568 2539 660 2600; x_wconf 91' lang='lat' dir='ltr'>saltus</span> <span class='ocrx_word' id='word_1_110' title='bbox 676 2539 753 2618; x_wconf 88' lang='lat' dir='ltr'>regis</span> <span class='ocrx_word' id='word_1_111' title='bbox 768 2539 911 2602; x_wconf 89' lang='lat' dir='ltr'>dementia</span> <span class='ocrx_word' id='word_1_112' title='bbox 926 2539 1026 2601; x_wconf 81' lang='lat' dir='ltr'>duxit?</span> 
     </span>
     <span class='ocr_line' id='line_1_19' title="bbox 376 2659 1074 2740; baseline -0.003 -20"><span class='ocrx_word' id='word_1_113' title='bbox 376 2659 523 2740; x_wconf 87' lang='lat' dir='ltr'>Numquid</span> <span class='ocrx_word' id='word_1_114' title='bbox 537 2678 595 2721; x_wconf 93' lang='lat' dir='ltr'>non</span> <span class='ocrx_word' id='word_1_115' title='bbox 609 2663 722 2720; x_wconf 86' lang='lat' dir='ltr'>constat</span> <span class='ocrx_word' id='word_1_116' title='bbox 738 2659 817 2719; x_wconf 85' lang='lat' dir='ltr'>vobis</span> <span class='ocrx_word' id='word_1_117' title='bbox 832 2659 862 2719; x_wconf 91' lang='lat' dir='ltr'>in</span> <span class='ocrx_word' id='word_1_118' title='bbox 877 2659 997 2720; x_wconf 90' lang='lat' dir='ltr'>saltibus</span> <span class='ocrx_word' id='word_1_119' title='bbox 1011 2659 1074 2720; x_wconf 89' lang='lat' dir='ltr'>istis</span> 
     </span>
     <span class='ocr_line' id='line_1_20' title="bbox 376 2777 991 2858; baseline 0 -19"><span class='ocrx_word' id='word_1_120' title='bbox 376 2779 484 2840; x_wconf 88' lang='lat' dir='ltr'>Venari</span> <span class='ocrx_word' id='word_1_121' title='bbox 497 2778 629 2854; x_wconf 80' lang='lat' dir='ltr'>vetitum,</span> <span class='ocrx_word' id='word_1_122' title='bbox 649 2777 710 2838; x_wconf 92' lang='grc'><strong>0100</strong></span> <span class='ocrx_word' id='word_1_123' title='bbox 724 2777 859 2838; x_wconf 90' lang='lat' dir='ltr'>mandato</span> <span class='ocrx_word' id='word_1_124' title='bbox 874 2777 991 2858; x_wconf 85' lang='lat' dir='ltr'>speciali</span> 
     </span>
    </p>

    <p class='ocr_par' dir='ltr' id='par_1_8' title="bbox 375 2897 1191 3340">
     <span class='ocr_line' id='line_1_21' title="bbox 376 2897 1154 2980; baseline 0 -19"><span class='ocrx_word' id='word_1_125' title='bbox 376 2899 482 2978; x_wconf 86' lang='lat' dir='ltr'>Regis?</span> <span class='ocrx_word' id='word_1_126' title='bbox 495 2897 509 2922; x_wconf 89' lang='lat'>&#39;&#39;</span> <span class='ocrx_word' id='word_1_127' title='bbox 550 2897 595 2958; x_wconf 80' lang='lat' dir='ltr'>nd</span> <span class='ocrx_word' id='word_1_128' title='bbox 609 2897 664 2959; x_wconf 92' lang='lat' dir='ltr'>hoc</span> <span class='ocrx_word' id='word_1_129' title='bbox 678 2897 790 2980; x_wconf 90' lang='lat' dir='ltr'>placido</span> <span class='ocrx_word' id='word_1_130' title='bbox 805 2898 863 2959; x_wconf 84' lang='lat' dir='ltr'>dux</span> <span class='ocrx_word' id='word_1_131' title='bbox 879 2899 1022 2980; x_wconf 83' lang='lat' dir='ltr'>excipiens</span> <span class='ocrx_word' id='word_1_132' title='bbox 1036 2901 1076 2960; x_wconf 91' lang='lat' dir='ltr'>ait</span> <span class='ocrx_word' id='word_1_133' title='bbox 1089 2900 1130 2961; x_wconf 92' lang='lat' dir='ltr'>illi</span> <span class='ocrx_word' id='word_1_134' title='bbox 1148 2923 1154 2960; x_wconf 91' lang='lat'>:</span> 
     </span>
     <span class='ocr_line' id='line_1_22' title="bbox 375 3017 1191 3096; baseline 0.005 -18"><span class='ocrx_word' id='word_1_135' title='bbox 375 3017 390 3042; x_wconf 70' lang='lat'>¹*</span> <span class='ocrx_word' id='word_1_136' title='bbox 402 3019 460 3078; x_wconf 84' lang='lat' dir='ltr'>Lex</span> <span class='ocrx_word' id='word_1_137' title='bbox 474 3021 603 3078; x_wconf 83' lang='lat' dir='ltr'>veterum</span> <span class='ocrx_word' id='word_1_138' title='bbox 618 3037 767 3079; x_wconf 88' lang='lat' dir='ltr'>commuue</span> <span class='ocrx_word' id='word_1_139' title='bbox 780 3017 850 3079; x_wconf 89' lang='grc'><strong>10011</strong></span> <span class='ocrx_word' id='word_1_140' title='bbox 863 3035 957 3096; x_wconf 84' lang='lat' dir='ltr'>genus</span> <span class='ocrx_word' id='word_1_141' title='bbox 971 3039 1035 3081; x_wconf 89' lang='lat' dir='ltr'>esso</span> <span class='ocrx_word' id='word_1_142' title='bbox 1049 3020 1191 3094; x_wconf 86' lang='lat' dir='ltr'>ierarum;</span> 
     </span>
     <span class='ocr_line' id='line_1_23' title="bbox 376 3137 1015 3221; baseline -0.002 -21"><span class='ocrx_word' id='word_1_143' title='bbox 376 3138 425 3200; x_wconf 90' lang='lat' dir='ltr'>Sic</span> <span class='ocrx_word' id='word_1_144' title='bbox 439 3137 486 3200; x_wconf 94' lang='lat' dir='ltr'>hic</span> <span class='ocrx_word' id='word_1_145' title='bbox 500 3137 578 3200; x_wconf 90' lang='lat' dir='ltr'>nulla</span> <span class='ocrx_word' id='word_1_146' title='bbox 591 3143 641 3200; x_wconf 93' lang='lat' dir='ltr'>tuo</span> <span class='ocrx_word' id='word_1_147' title='bbox 656 3139 732 3200; x_wconf 88' lang='grc'><strong>10010</strong></span> <span class='ocrx_word' id='word_1_148' title='bbox 746 3145 791 3200; x_wconf 87' lang='grc'>001</span> <span class='ocrx_word' id='word_1_149' title='bbox 803 3138 910 3221; x_wconf 86' lang='lat' dir='ltr'>injuria</span> <span class='ocrx_word' id='word_1_150' title='bbox 923 3139 1015 3218; x_wconf 90' lang='lat' dir='ltr'>regi.’&#39;</span> 
     </span>
     <span class='ocr_line' id='line_1_24' title="bbox 376 3257 1057 3340; baseline 0.003 -22"><span class='ocrx_word' id='word_1_151' title='bbox 376 3259 551 3338; x_wconf 83' lang='lat' dir='ltr'>Hymbertus</span> <span class='ocrx_word' id='word_1_152' title='bbox 565 3257 685 3340; x_wconf 87' lang='lat' dir='ltr'>replicet</span> <span class='ocrx_word' id='word_1_153' title='bbox 699 3263 783 3320; x_wconf 88' lang='lat' dir='ltr'>utens</span> <span class='ocrx_word' id='word_1_154' title='bbox 798 3277 850 3338; x_wconf 93' lang='lat' dir='ltr'>pro</span> <span class='ocrx_word' id='word_1_155' title='bbox 865 3260 929 3338; x_wconf 89' lang='lat' dir='ltr'>lege</span> <span class='ocrx_word' id='word_1_156' title='bbox 943 3259 1057 3338; x_wconf 88' lang='lat' dir='ltr'>sagitta,</span> 
     </span>
    </p>

    <p class='ocr_par' dir='ltr' id='par_1_9' title="bbox 374 3377 1223 3943">
     <span class='ocr_line' id='line_1_25' title="bbox 377 3377 1102 3459; baseline 0.003 -21"><span class='ocrx_word' id='word_1_157' title='bbox 377 3377 442 3448; x_wconf 76' lang='grc'>000</span> <span class='ocrx_word' id='word_1_158' title='bbox 454 3381 635 3459; x_wconf 80' lang='lat' dir='ltr'>penetrasset</span> <span class='ocrx_word' id='word_1_159' title='bbox 648 3397 713 3439; x_wconf 87' lang='lat' dir='ltr'>eum</span> <span class='ocrx_word' id='word_1_160' title='bbox 728 3379 783 3440; x_wconf 91' lang='lat' dir='ltr'>nisi</span> <span class='ocrx_word' id='word_1_161' title='bbox 797 3399 829 3440; x_wconf 90' lang='lat' dir='ltr'>sc</span> <span class='ocrx_word' id='word_1_162' title='bbox 843 3379 968 3441; x_wconf 85' lang='lat' dir='ltr'>flexisset</span> <span class='ocrx_word' id='word_1_163' title='bbox 981 3381 1018 3441; x_wconf 91' lang='lat' dir='ltr'>ab</span> <span class='ocrx_word' id='word_1_164' title='bbox 1032 3380 1102 3442; x_wconf 91' lang='lat' dir='ltr'>ictu.</span> 
     </span>
     <span class='ocr_line' id='line_1_26' title="bbox 375 3497 1117 3580; baseline 0.007 -22"><span class='ocrx_word' id='word_1_165' title='bbox 375 3499 442 3558; x_wconf 87' lang='lat' dir='ltr'>Dux</span> <span class='ocrx_word' id='word_1_166' title='bbox 458 3497 604 3578; x_wconf 85' lang='lat' dir='ltr'>triplicans</span> <span class='ocrx_word' id='word_1_167' title='bbox 619 3497 763 3560; x_wconf 90' lang='lat' dir='ltr'>concludit</span> <span class='ocrx_word' id='word_1_168' title='bbox 778 3499 804 3560; x_wconf 92' lang='lat' dir='ltr'>ei</span> <span class='ocrx_word' id='word_1_169' title='bbox 818 3519 875 3562; x_wconf 93' lang='grc'>000</span> <span class='ocrx_word' id='word_1_170' title='bbox 889 3501 964 3580; x_wconf 90' lang='lat' dir='ltr'>lege,</span> <span class='ocrx_word' id='word_1_171' title='bbox 981 3501 1034 3563; x_wconf 88' lang='lat' dir='ltr'>sed</span> <span class='ocrx_word' id='word_1_172' title='bbox 1047 3520 1117 3563; x_wconf 84' lang='lat' dir='ltr'>arcu</span> 
     </span>
     <span class='ocr_line' id='line_1_27' title="bbox 377 3617 1223 3704; baseline 0.007 -26"><span class='ocrx_word' id='word_1_173' title='bbox 377 3617 469 3689; x_wconf 90' lang='lat' dir='ltr'>Quem</span> <span class='ocrx_word' id='word_1_174' title='bbox 483 3623 562 3680; x_wconf 88' lang='lat' dir='ltr'>tenet</span> <span class='ocrx_word' id='word_1_175' title='bbox 575 3617 604 3680; x_wconf 92' lang='grc'>10</span> <span class='ocrx_word' id='word_1_176' title='bbox 619 3618 730 3680; x_wconf 83' lang='lat' dir='ltr'>dextra.</span> <span class='ocrx_word' id='word_1_177' title='bbox 774 3621 892 3699; x_wconf 82' lang='lat' dir='ltr'>Frangit</span> <span class='ocrx_word' id='word_1_178' title='bbox 904 3625 993 3702; x_wconf 88' lang='lat' dir='ltr'>caput</span> <span class='ocrx_word' id='word_1_179' title='bbox 1005 3621 1082 3704; x_wconf 89' lang='lat' dir='ltr'>ejus,</span> <span class='ocrx_word' id='word_1_180' title='bbox 1099 3641 1223 3703; x_wconf 88' lang='lat' dir='ltr'>eumque</span> 
     </span>
     <span class='ocr_line' id='line_1_28' title="bbox 374 3737 1113 3822; baseline 0.007 -22"><span class='ocrx_word' id='word_1_181' title='bbox 374 3737 510 3800; x_wconf 86' lang='lat' dir='ltr'>Destinat</span> <span class='ocrx_word' id='word_1_182' title='bbox 523 3739 559 3800; x_wconf 88' lang='lat' dir='ltr'>ad</span> <span class='ocrx_word' id='word_1_183' title='bbox 575 3739 693 3819; x_wconf 87' lang='lat' dir='ltr'>Sligios.</span> <span class='ocrx_word' id='word_1_184' title='bbox 736 3741 886 3822; x_wconf 85' lang='lat' dir='ltr'>ilymbcrti</span> <span class='ocrx_word' id='word_1_185' title='bbox 899 3743 959 3804; x_wconf 86' lang='grc'><strong>1010</strong></span> <span class='ocrx_word' id='word_1_186' title='bbox 971 3742 1113 3818; x_wconf 80' lang='lat' dir='ltr'>ridentes,</span> 
     </span>
     <span class='ocr_line' id='line_1_29' title="bbox 375 3858 1050 3943; baseline 0.007 -24"><span class='ocrx_word' id='word_1_187' title='bbox 375 3858 538 3939; x_wconf 78' lang='lat' dir='ltr'>Diffug&#39;unt</span> <span class='ocrx_word' id='word_1_188' title='bbox 551 3860 679 3936; x_wconf 83' lang='lat' dir='ltr'>comites,</span> <span class='ocrx_word' id='word_1_189' title='bbox 696 3865 725 3922; x_wconf 89' lang='lat' dir='ltr'>ct</span> <span class='ocrx_word' id='word_1_190' title='bbox 738 3867 856 3924; x_wconf 84' lang='lat' dir='ltr'>narrant</span> <span class='ocrx_word' id='word_1_191' title='bbox 870 3863 964 3926; x_wconf 93' lang='lat' dir='ltr'>omnia</span> <span class='ocrx_word' id='word_1_192' title='bbox 977 3864 1050 3943; x_wconf 89' lang='lat' dir='ltr'>regi.</span> 
     </span>
    </p>

    <p class='ocr_par' dir='ltr' id='par_1_10' title="bbox 374 3978 1112 4184">
     <span class='ocr_line' id='line_1_30' title="bbox 374 3978 1111 4063; baseline 0.005 -23"><span class='ocrx_word' id='word_1_193' title='bbox 374 3980 435 4041; x_wconf 83' lang='lat' dir='ltr'>Rex</span> <span class='ocrx_word' id='word_1_194' title='bbox 449 3982 547 4060; x_wconf 85' lang='lat' dir='ltr'>stupet</span> <span class='ocrx_word' id='word_1_195' title='bbox 560 3978 659 4042; x_wconf 90' lang='lat' dir='ltr'>audita</span> <span class='ocrx_word' id='word_1_196' title='bbox 672 3980 769 4042; x_wconf 82' lang='lat' dir='ltr'>famuli</span> <span class='ocrx_word' id='word_1_197' title='bbox 784 4001 869 4057; x_wconf 89' lang='lat' dir='ltr'>nece;</span> <span class='ocrx_word' id='word_1_198' title='bbox 886 3987 1026 4044; x_wconf 89' lang='lat' dir='ltr'>convocat</span> <span class='ocrx_word' id='word_1_199' title='bbox 1040 4001 1111 4063; x_wconf 87' lang='lat' dir='ltr'>ergo</span> 
     </span>
     <span class='ocr_line' id='line_1_31' title="bbox 374 4099 1112 4184; baseline 0.003 -20"><span class='ocrx_word' id='word_1_200' title='bbox 374 4099 505 4164; x_wconf 87' lang='lat' dir='ltr'>Milioiam</span> <span class='ocrx_word' id='word_1_201' title='bbox 520 4100 612 4180; x_wconf 89' lang='lat' dir='ltr'>regni.</span> <span class='ocrx_word' id='word_1_202' title='bbox 656 4101 769 4182; x_wconf 87' lang='lat' dir='ltr'>Ligeris</span> <span class='ocrx_word' id='word_1_203' title='bbox 783 4101 857 4184; x_wconf 90' lang='lat' dir='ltr'>petil</span> <span class='ocrx_word' id='word_1_204' title='bbox 870 4103 975 4180; x_wconf 89' lang='lat' dir='ltr'>hostia,</span> <span class='ocrx_word' id='word_1_205' title='bbox 991 4111 1112 4166; x_wconf 86' lang='lat' dir='ltr'>mortem</span> 
     </span>
    </p>
   </div>
   <div class='ocr_carea' id='block_1_5' title="bbox 0 0 1608 5128">
    <p class='ocr_par' dir='ltr' id='par_1_11' title="bbox 0 0 1608 5128">
     <span class='ocr_line' id='line_1_32' title="bbox 0 0 1608 5128; baseline 0 0"><span class='ocrx_word' id='word_1_206' title='bbox 0 0 1608 5128; x_wconf 95' lang='lat' dir='ltr'> </span> 
     </span>
    </p>
   </div>
  </div>
 </body>
</html>
