3206 5134
578 534 679 580 LIBER
700 534 868 586 QUARTUS.

209 647 313 710 Tocius
326 645 410 726 regni
422 644 596 709 diademate.
639 647 731 710 Roma
744 646 923 708 Trntreruum

207 768 340 830 Destinat
353 767 420 843 huo,
436 771 466 828 et
478 771 538 828 tres
553 766 681 846 legiones
695 765 733 828 ed
747 765 962 846 reprimendum

206 887 348 952 Sericiem
361 887 450 968 regis,
467 891 496 948 et
509 903 631 966 regnum
645 887 856 950 restituendum

206 1009 333 1071 Romano
343 1007 416 1090 juri.
459 1007 530 1070 Mire
543 1007 650 1070 virtute
663 1007 830 1070 Tmheruus

207 1129 342 1210 insignis,
359 1129 493 1192 Britones
507 1128 583 1204 odit;
599 1130 696 1204 urbes,
713 1128 812 1210 opido,
831 1148 911 1206 rnre,

208 1250 349 1331 Occupat,
366 1248 502 1330 occurrit,
518 1268 679 1330 properans
694 1249 831 1312 Ostorius
844 1249 898 1311 illi.

207 1371 299 1434 Prelio
313 1371 506 1450 committunt,
521 1373 651 1435 Romano
664 1372 764 1452 togata
777 1371 918 1434 recedunt

206 1493 329 1573 Agmina
341 1493 377 1555 de
392 1512 505 1574 compo,
521 1493 589 1556 litus
604 1510 748 1572 navesque
763 1492 923 1572 requirunt.

206 1615 333 1675 Albanos
347 1613 466 1690 adeunt,
483 1612 621 1676 Albonica
634 1612 876 1694 rurnidomosque

206 1733 375 1796 Devustnnt.
419 1733 526 1796 Tendit
539 1733 606 1796 iltuo
620 1733 769 1810 Octavius,
786 1735 843 1797 illio

206 1855 384 1932 Suboumbit,
399 1873 578 1935 regnumque
592 1855 677 1918 simul
691 1854 880 1936 diademaque
894 1856 1000 1938 perdit.

204 1975 373 2056 Norguegie
386 1976 512 2039 admittit
524 1976 674 2056 expulsum
688 1975 793 2056 frigide
806 1995 916 2056 regem,

205 2095 240 2156 Et
253 2115 304 2157 rex
317 2097 480 2172 Hubertns;
496 2096 583 2159 sumit
596 2095 728 2158 diadema
742 2096 920 2160 Trahernus.

205 2216 265 2278 Neo
279 2235 371 2295 moro,
388 2217 513 2298 depositi
526 2216 605 2297 regis
619 2236 677 2278 uon
691 2215 776 2279 fictus
790 2217 910 2288 amicus,

206 2338 345 2400 Securum
360 2338 476 2420 perimit
490 2337 608 2420 inopina
622 2337 692 2400 sede
708 2338 898 2400 Truhernum.

205 2459 251 2520 Ad
264 2460 347 2540 regui
360 2460 489 2539 regimen
504 2459 620 2522 rediens
636 2459 774 2523 Ostorius
787 2458 862 2520 idem
903 2523 906 2530 ⁴

205 2573 256 2636 Est
269 2573 446 2636 successoris
460 2593 622 2649 successor,
638 2593 717 2636 more
732 2576 847 2634 novato.

205 2694 339 2758 Exuludit
353 2695 464 2772 Laoios,
481 2695 559 2778 oepit
571 2694 717 2776 probitate
731 2694 838 2774 vigere.

206 2817 315 2879 Tantus
329 2817 439 2896 urgenti
453 2835 565 2878 mnssns
577 2819 770 2878 coacervaret
784 2815 858 2892 nuri,

207 2938 294 3010 Quod
307 2939 400 3002 nullos
414 2943 545 3002 metuens
559 2938 592 3000 fit
605 2937 717 3000 cunctis
731 2938 794 3020 ipse
807 2938 914 3001 timori.

205 3059 337 3140 Denique
350 3060 498 3123 coniectus
512 3060 604 3137 senio,
620 3059 775 3142 disponere
789 3077 879 3138 regno

205 3180 240 3242 m
252 3184 360 3264 popolo
375 3183 413 3244 de
426 3201 496 3262 rege
509 3183 619 3259 volens,
635 3181 795 3262 interroget
809 3201 908 3245 omnes

207 3302 298 3374 Quem
313 3303 367 3366 sibi
380 3303 504 3386 preferri
518 3303 644 3384 cupiant.
688 3303 759 3365 Pars
774 3321 831 3365 uno
844 3309 978 3385 nepotem

205 3426 302 3506 Regis,
319 3426 480 3504 conanum,
496 3426 615 3506 dignum
630 3425 792 3489 diedemate
806 3432 938 3502 censent;

205 3550 303 3612 Altero
315 3569 384 3632 pars
398 3551 479 3612 illum
493 3551 538 3612 oui
551 3549 685 3630 nupserit
697 3549 783 3612 unios
798 3549 876 3629 regis

204 3670 285 3748 Filio,
302 3691 425 3752 nemque
439 3675 518 3733 neret
530 3691 582 3732 rex
595 3687 682 3734 sexus
695 3671 777 3752 prole
792 3669 896 3746 virilis;

205 3789 277 3853 Cum
291 3791 349 3854 dux
364 3791 508 3855 Cornubie
523 3790 689 3854 Cnredoous
702 3791 914 3866 Maximianum,

205 3913 290 3974 Pntre
302 3914 448 3993 toheuno,
463 3915 591 3978 Romane
604 3921 695 3976 matre
710 3917 848 3989 ereetum,

207 4036 264 4106 Qui
276 4038 374 4117 regule
388 4056 480 4117 genus
494 4057 512 4098 n
525 4036 622 4118 stipite
636 4037 728 4116 tangit
743 4041 877 4116 utroque,

206 4159 316 4222 Asserit
327 4159 428 4220 utilius
442 4159 479 4221 ad
493 4159 576 4238 regni
589 4160 746 4238 amplustre
760 4160 867 4221 voonri.
