3226 5168
367 499 406 578 dl
645 531 752 578 oesrr
774 531 888 578 nacon
909 534 1121 580 aarrrnnrn.

368 646 449 718 Quas
463 645 491 708 in
506 649 602 707 nostra
616 645 704 707 trahit
716 645 826 727 injusta
840 644 953 708 occasio
968 643 1045 708 belli.

367 766 429 828 Vos
443 765 492 848 pia
505 785 594 828 causa
606 771 702 828 moret
714 766 836 848 patriam
852 765 1017 828 deffendere
1031 769 1166 829 vestram.

368 887 435 950 lllos
449 886 610 950 Mercurius
624 887 706 964 fallit,
722 907 774 950 nos
790 889 922 951 Christus
936 889 973 950 ab
988 889 1070 950 hoste

366 1007 510 1088 Protegit.
554 1009 584 1071 ln
600 1009 715 1072 Christo
729 1013 840 1072 tantum
855 1029 936 1092 spem
951 1009 1049 1092 ponite
1064 1013 1197 1072 uestram.
1214 1009 1229 1034 ''

368 1128 458 1206 Dixit,
473 1133 502 1191 et
515 1129 562 1192 ille
578 1149 645 1193 suos
660 1150 768 1194 cuneos
781 1131 923 1213 precedit,
939 1135 968 1193 et
982 1131 1024 1194 ire

368 1251 432 1311 Non
444 1249 541 1332 jubet,
556 1250 642 1313 immo
657 1251 749 1332 sequi.
791 1253 899 1334 Regem
914 1251 1018 1315 denota
1033 1257 1193 1334 sequnntur

369 1369 503 1450 Agmina,
519 1371 615 1434 nullus
629 1371 690 1434 abit
704 1371 852 1455 trepitanti
867 1373 955 1435 corde
968 1377 1138 1435 retrorsum.

408 1490 431 1550 E
445 1494 545 1553 contra
558 1509 673 1573 pagana
687 1492 801 1568 cohors,
817 1510 902 1571 qnam
917 1492 997 1554 ducit
1010 1492 1038 1554 in
1053 1511 1132 1554 arma

369 1610 436 1674 Dux
448 1611 595 1692 Engistus,
611 1611 705 1689 adest,
722 1612 871 1675 Britonum
887 1613 1031 1676 sitibunda
1045 1615 1169 1676 cruoris.

370 1732 465 1804 Quam
479 1732 538 1794 dux
553 1731 702 1814 dispositis
717 1733 817 1796 turmis
831 1752 866 1794 ex
879 1731 980 1795 ordine
993 1733 1078 1808 bello,

369 1853 451 1915 Excit
464 1857 504 1930 at,
521 1857 551 1914 ct
564 1853 635 1916 dicit
651 1875 657 1912 :
676 1853 690 1879 ‘¹
703 1853 730 1918 0
745 1873 886 1934 generosa
900 1853 1031 1931 deornm,

369 1972 490 2036 Robusti
501 1973 637 2055 juvenes,
653 1973 756 2054 quibus
770 1973 848 2037 idola
861 1979 961 2037 nostra
974 1975 1149 2057 triumphum

371 2093 505 2156 Prostant
519 2093 696 2170 continuum,
713 2093 786 2156 votis
801 2091 948 2176 deposcite
962 2095 1082 2157 belluml

370 2211 443 2275 Ecce
457 2231 562 2294 greges
577 2213 737 2290 Britonum,
754 2233 816 2276 cunr
832 2213 934 2296 paucis
949 2215 1155 2291 Armoricanis,

371 2333 453 2404 Quos
467 2334 566 2397 innata
578 2334 668 2396 trahit
681 2333 786 2396 stolide
800 2334 918 2397 vesania
932 2337 1036 2400 mentis

372 2454 533 2530 labellum,
550 2456 636 2532 votis,
652 2454 706 2518 etsi
722 2475 779 2517 non
794 2473 892 2538 prece,
907 2463 1062 2538 precantur

370 2573 409 2636 Ut
422 2574 567 2656 capiamus
581 2595 648 2651 eos;
663 2576 779 2638 minima
793 2581 837 2638 est
850 2575 913 2639 laus
926 2577 988 2658 ipsa
1003 2577 1142 2661 triumphi

371 2693 422 2756 Hic
435 2694 486 2756 ubi
501 2695 668 2758 semimares
683 2695 758 2758 bello
773 2715 954 2779 superamus.
968 2697 983 2722 '’
1022 2697 1058 2760 Et
1072 2717 1140 2761 cccc

372 2815 537 2877 Occurrunt
550 2815 638 2891 acies,
654 2815 692 2878 ad
706 2816 785 2878 missi
800 2817 926 2880 fulminis
940 2818 1039 2881 instar.

370 2933 453 2996 Tunc
466 2935 587 3016 clangor
599 2936 713 3013 lituum,
731 2955 828 3012 voces,
844 2937 964 3018 hynitus
979 2959 1130 3020 equorum,
1166 2909 1170 2915 Ι

367 3055 578 3135 Armornmque
592 3055 691 3136 fragor
705 3055 858 3138 impellunt
873 3077 941 3120 aera
954 3061 1033 3120 tanto

370 3173 532 3252 concussu,
549 3180 672 3258 quantus
686 3175 769 3238 lieret
784 3175 808 3238 si
822 3175 951 3239 machina
964 3197 1059 3241 rernm

370 3296 400 3357 lu
416 3294 513 3358 Chaos
528 3296 676 3376 antiquum
691 3301 790 3359 rueret
803 3295 943 3380 compage
958 3301 1063 3362 soluta.

371 3417 499 3498 Atropos
513 3421 595 3478 occat
608 3415 649 3478 ibi
662 3421 706 3478 tot
718 3417 808 3479 torcia
823 3416 871 3480 tila
885 3437 1028 3496 sororum,

323 3547 326 3556 ’
374 3536 455 3608 Quot
469 3555 577 3598 messes
591 3553 702 3598 messor
716 3535 838 3599 delalcat
851 3537 923 3602 lalce
937 3559 1068 3602 recurva.
1175 3515 1177 3522 ,

373 3655 506 3718 Aurelius
521 3675 588 3717 vero
604 3655 699 3735 gladio
714 3657 834 3720 ductore
848 3679 901 3739 per
913 3659 1012 3721 hostes

371 3777 459 3838 Ducit
474 3777 539 3855 iter,
556 3776 718 3857 sternitque
732 3776 819 3852 uiros,
836 3783 1025 3860 sternuntque
1041 3781 1183 3858 llritnuni3

373 3897 511 3958 Sternunt
526 3897 674 3974 Aimoniai,
693 3895 795 3959 sternit
809 3897 982 3961 fortissimus
995 3899 1103 3976 Eldon;

373 4016 432 4078 Sed
446 4017 576 4079 recolens
591 4022 705 4100 tempus
720 4018 835 4098 antique
849 4019 1038 4100 prodicionis,

373 4135 479 4197 Tendit
492 4136 520 4198 iu
535 4135 696 4216 Engistnm,
714 4157 797 4217 quem
812 4138 953 4220 prospicit
966 4159 1035 4202 ense
1050 4141 1192 4204 lucentem
