3226 5168
590 527 699 573 ulan
719 527 855 574 SEXTUS.

207 639 238 701 la
253 640 396 702 Britoocs.
440 635 500 702 Sed
514 658 578 700 cum
593 657 722 720 paganos
738 637 840 699 cedere
855 637 917 717 regi

207 760 345 823 Cernerct
358 759 507 840 Engistus,
524 761 649 822 lacerato
664 757 759 820 flebile
773 759 878 820 bellum

206 879 327 959 Agmine
342 879 484 958 destituit,
500 879 649 959 vicinaque
663 877 757 940 menia
771 877 858 940 castri

206 998 315 1062 Conani
330 999 451 1062 festinus
465 1000 541 1077 adit;
560 1020 617 1063 non
632 1003 784 1063 esttamen
799 1019 886 1062 ausus

205 1119 278 1182 Cum
291 1125 336 1182 tot
348 1119 485 1183 mssitibns
500 1120 588 1183 castri
601 1139 633 1182 se
647 1119 766 1182 credere
779 1139 873 1193 maro,

204 1241 247 1303 Ne
261 1261 311 1302 rex
326 1241 376 1321 qui
389 1241 530 1321 sequitur,
544 1240 592 1321 qui
606 1239 731 1322 plurima
745 1240 860 1303 vincula
874 1237 956 1302 victis

204 1360 343 1443 llaneipit
356 1365 407 1423 aut
419 1360 544 1443 perimit,
562 1361 713 1423 obsessum
728 1359 874 1422 dedicioni

204 1483 309 1563 Cogat,
326 1487 355 1544 et
369 1482 490 1563 ignavus
503 1483 562 1544 leto
576 1482 714 1544 moriatur
728 1481 824 1545 inerti.

205 1603 354 1665 Pulchrius
369 1623 433 1665 esse
447 1607 531 1686 putat
543 1607 664 1666 mortem
679 1603 837 1685 pugnaudo
851 1604 959 1678 subire,
1076 1630 1082 1640 ·

206 1723 299 1794 Quam
315 1724 389 1787 lame
404 1723 574 1806 depressam
588 1723 675 1786 riam
689 1722 856 1804 veniamque
871 1724 994 1806 precari.
1059 1805 1062 1808 ,

206 1844 360 1927 Dispositis
375 1844 463 1926 igitur
477 1845 593 1921 turmis,
609 1863 702 1927 prope
715 1845 809 1908 menia
823 1864 920 1925 regem

205 1964 377 2046 Expectans,
391 1965 486 2045 inquit
501 1985 508 2025 ε
525 1964 540 1990 “
551 1964 718 2028 Fortissima
735 1964 824 2046 stirps
839 1984 1022 2047 superorum,

205 2086 296 2162 State,
312 2105 426 2169 precor,
441 2105 565 2162 meeum,
581 2089 750 2166 mentesque
763 2086 899 2148 resumite
915 2092 1036 2149 uestras.

204 2205 254 2267 Dii
269 2206 371 2282 nostri,
387 2207 437 2286 qni
452 2227 504 2270 nos
518 2206 652 2288 superari
666 2205 875 2282 sustinuerunt,

203 2326 265 2386 lam
281 2325 412 2408 vigilant,
425 2327 487 2409 jam
502 2331 580 2389 stant
592 2345 646 2408 pro
662 2325 759 2402 nobis3
772 2325 835 2408 jam
849 2324 940 2406 pudet
954 2325 1028 2403 illos,
1110 2405 1111 2410 ἵ

204 2447 279 2508 Dum
294 2466 508 2529 superaremur,
524 2447 636 2530 sompni
650 2445 792 2528 grauitate
805 2445 908 2508 teneri.

205 2567 235 2628 ln
251 2567 380 2630 manibus
395 2567 502 2630 nostris
517 2567 586 2630 dant
599 2567 710 2630 hostes.
754 2566 886 2630 Christus
901 2585 999 2628 eorum

204 2689 266 2750 Jam
282 2687 387 2750 dormit
403 2709 410 2748 z
427 2689 573 2750 vincamus
588 2706 638 2750 eos
653 2687 722 2749 dam
738 2685 861 2748 dormiat
876 2685 934 2748 ille.
948 2686 963 2710 ’'

204 2807 264 2869 lter
278 2807 367 2888 igitur
380 2827 501 2871 cernens
515 2807 626 2890 positas
640 2827 675 2869 ex
689 2805 791 2868 ordine
804 2811 925 2880 turmas,

205 2925 291 2988 Ponit
304 2933 334 2990 et
348 2928 409 3009 ipse
424 2947 504 3004 suas,
519 2931 551 2989 et
563 2946 612 2990 eas
624 2928 767 3002 hortatur,
783 2925 918 3004 elinquit
935 2947 941 2985 :

204 3045 219 3069 ‘¹
232 3045 330 3109 Gloria
344 3047 382 3110 sit
395 3047 486 3128 Patri,
501 3047 577 3110 Nato
592 3047 630 3108 sit
641 3047 745 3128 gloria,
762 3048 867 3109 Sancto

206 3165 305 3228 Gloria
319 3166 450 3248 Spiritui,
467 3165 517 3248 qui
532 3171 648 3230 nostros
661 3167 782 3230 tradidit
795 3169 893 3230 hostes

205 3287 235 3348 ln
249 3286 382 3348 manibus
396 3287 514 3349 nostris.
556 3288 723 3370 Desperant
737 3287 851 3368 longius
865 3287 917 3364 ire,

204 3406 314 3468 Lassati
329 3411 486 3486 nequeunt,
503 3405 591 3469 nimio
605 3407 712 3470 sudore
726 3407 824 3468 soluti.

204 3527 323 3589 Nemioe
338 3547 387 3589 eos
401 3527 545 3608 pulsante,
561 3527 669 3590 cadunt
682 3527 744 3590 siae
758 3527 829 3593 ccdc
844 3528 991 3592 cadentes.

205 3645 305 3708 Cedite
319 3646 488 3723 semineces
504 3645 608 3728 gladiis
622 3646 771 3709 dissolvite
785 3647 877 3710 nodos
894 3670 901 3708 ε

204 3767 322 3830 Servicii
337 3767 470 3830 minimus
486 3769 567 3830 labor
581 3769 627 3830 hic
642 3775 671 3830 et
685 3768 808 3830 nranima
822 3789 943 3831 merces.
956 3767 971 3792 ''

205 3889 334 3965 Dixerat,
349 3887 524 3970 appropiant
536 3889 611 3951 acies
625 3889 698 3966 sibi3
714 3889 856 3969 grandine
869 3891 952 3972 plura

205 4010 275 4072 Tela
288 4009 354 4071 hinc
368 4009 435 4070 inde
450 4009 556 4085 volant,
572 4013 640 4091 post
653 4009 710 4071 tola
723 4009 836 4072 venitur
850 4009 888 4072 ad
902 4030 998 4074 enses.

205 4131 277 4192 Ense
291 4129 381 4210 liquet
395 4129 440 4191 cui
454 4129 548 4191 laudis
562 4130 665 4206 lronor,
682 4129 727 4192 cui
740 4129 859 4192 dextera
871 4131 965 4208 tortis,

1175 1988 1235 2036 aare
