3272 5188
699 485 844 532 bannos

327 595 430 661 Uritur,
443 603 571 653 urentem
584 597 732 664 comburit,
747 604 878 667 amatque
889 599 1010 670 puellam

359 694 467 760 Silvius,
481 702 510 750 et
522 695 584 750 vivo
597 699 676 764 patre
688 695 793 763 politur
805 709 847 749 ea.

324 789 425 844 Suadet
436 803 515 844 amor
528 803 669 855 uenerem,
686 794 789 844 coeunt
800 788 843 844 bis
859 794 955 858 terque
968 797 1119 861 quaterque

359 885 415 940 ilex
428 891 516 953 pater,
531 885 615 953 inque
628 884 706 940 brevi
720 884 751 938 ilt
763 891 843 953 pater
856 885 903 940 illa
915 901 1027 955 parens.

324 981 394 1035 Dum
409 986 498 1036 tumet
511 981 591 1036 alvus
604 981 640 1046 ei,
654 981 721 1035 dum
734 995 799 1050 spes
808 982 888 1050 jubet
900 997 962 1038 esse
973 990 1129 1053 parentem,

359 1077 526 1132 Sollicitatur
539 1076 640 1131 ariolos
653 1077 719 1145 quid
732 1078 856 1144 peritura
869 1078 952 1134 foret.

323 1171 445 1228 consulu
457 1173 568 1236 ariolos,
585 1177 724 1227 astrorum
738 1173 859 1228 consulit
872 1179 963 1238 ortus,

359 1267 482 1323 Consulit
492 1282 618 1334 occasus,
634 1268 754 1324 consulit
765 1270 826 1338 ipse
838 1283 949 1337 magos5

324 1364 422 1419 Fertur
433 1364 469 1418 ab
482 1364 585 1429 ariobs,
600 1369 741 1418 astrorum
754 1363 845 1420 fertur
856 1364 891 1419 ab
903 1371 978 1428 ortu,

359 1459 459 1514 Fertur
471 1459 505 1514 nb
518 1473 618 1516 occasu
630 1459 696 1528 quid
709 1460 832 1530 peritura
844 1461 927 1527 foret,

323 1555 399 1621 Quod
412 1570 481 1625 puer
493 1556 629 1624 impurus,
644 1569 697 1623 que
711 1570 787 1611 mors
801 1557 948 1626 utriusque
960 1564 1118 1628 pareutum,

359 1653 435 1718 Quod
447 1653 520 1708 loret
530 1654 604 1720 exul,
619 1654 710 1722 inops,
726 1654 880 1722 transfuga,
895 1661 972 1712 sorte
985 1655 1077 1712 datur.

324 1751 412 1808 Verba
425 1752 500 1820 loqui
513 1756 705 1820 quantumque
716 1757 808 1818 nocet,
826 1759 1018 1824 quantumque
1034 1760 1125 1810 tacere

360 1848 485 1917 Expedit,
500 1850 577 1903 arioli
591 1864 645 1917 que
657 1850 784 1904 cecinere
799 1849 873 1906 tulit.

324 1947 422 2002 Partus
434 1942 523 2010 adest,
535 1951 695 2015 postquem
709 1946 793 2000 subiit
805 1946 959 2003 discrimen
972 1954 1001 2004 et
1015 1949 1058 2004 eri

358 2041 453 2108 linter,
467 2047 497 2096 et
509 2041 538 2095 in
550 2047 632 2110 partu
644 2041 747 2096 desinit
760 2055 822 2096 esse
836 2055 948 2110 parens.

323 2136 399 2192 illoto
411 2141 493 2192 vocat
505 2151 634 2205 puerum,
649 2141 730 2190 vocat
742 2137 860 2205 Atropos
873 2139 999 2206 improba
1012 2113 1143 2206 matrem,

358 2233 454 2286 llalris
467 2237 496 2286 at
508 2233 637 2286 interitus
649 2231 735 2300 prolis
748 2232 826 2300 origo
839 2233 902 2289 luit.

323 2328 451 2383 Nascitur
462 2341 528 2396 ergo
542 2343 611 2397 puer
624 2343 674 2397 par
686 2327 774 2394 llarti,
789 2330 878 2396 major
890 2329 1005 2397 Achille,

358 2425 464 2492 Dignus
477 2438 533 2478 non
546 2424 644 2478 redimi
657 2429 748 2479 morte
760 2426 884 2492 parentis
896 2431 965 2480 erat.

324 2519 446 2575 lloribus
458 2519 555 2584 Encas,
569 2519 671 2574 Hector
684 2533 786 2588 pugna,
801 2521 948 2576 Diomedes

357 2615 459 2680 Laude
474 2615 548 2670 Paris
560 2616 639 2681 leole,
656 2617 769 2670 nomina
781 2617 883 2672 Brutus
896 2622 970 2683 erat;

321 2712 375 2767 Nec
389 2725 507 2781 puerum
519 2725 588 2779 puer
601 2711 647 2766 ille
660 2711 783 2780 quidem,
798 2727 850 2767 nec
861 2714 986 2782 ephebus
998 2715 1147 2783 ephebum,

356 2809 411 2864 lieo
424 2808 467 2863 vir
479 2807 514 2862 ad
525 2822 605 2862 arma
617 2809 708 2862 virum
721 2809 811 2863 fertur
823 2808 925 2864 bebere
938 2824 1047 2878 parern;

322 2905 446 2973 Namque
457 2919 526 2975 puer
537 2905 658 2974 juvenile
672 2906 753 2974 sapit,
766 2905 932 2974 juvenisque
944 2906 1033 2971 virile,

358 3002 459 3069 Virque
472 3001 559 3056 senile
571 3001 652 3069 sapit,
664 3001 727 3068 jura
740 3015 837 3056 severa
849 3015 946 3056 senex.

253 3115 258 3124 ·
322 3099 357 3153 Ut
369 3100 449 3167 pueri
461 3103 560 3164 metas,
575 3105 607 3152 ut
618 3097 729 3152 adultos
741 3099 834 3166 attigit
845 3113 945 3164 erinae,

358 3195 413 3250 lieo
425 3208 503 3260 cane,
517 3209 570 3250 nec
581 3195 672 3262 jaculo
685 3195 771 3264 prelia
783 3196 862 3249 novit
873 3195 949 3262 apri,

322 3289 376 3346 Nec
384 3291 508 3359 iaculum
521 3304 578 3345 non
591 3304 673 3344 arcus
686 3292 762 3346 iners
774 3305 826 3345 nac
839 3301 944 3346 nervus
956 3292 1055 3361 agebat

358 3387 431 3453 Onia,
445 3399 498 3441 nec
510 3385 617 3452 oculus,
633 3400 685 3440 neo
699 3400 840 3440 enecasse
852 3401 953 3441 manus
960 3404 968 3452 ;

321 3483 403 3538 Cossa
414 3492 510 3537 umen
523 3495 574 3535 sua
585 3481 683 3535 dextra
696 3482 781 3536 semel
789 3497 796 3546 ;
810 3495 877 3536 nam
890 3481 1015 3538 vulneris
1028 3483 1083 3538 iclu

357 3579 531 3646 llelorqucns
545 3577 641 3642 telum,
656 3591 733 3631 mors
746 3578 833 3646 petris
845 3578 905 3646 ipse
916 3578 978 3632 luit.

322 3675 392 3744 llrgo
404 3675 494 3744 pudor
506 3674 604 3743 patrie,
618 3679 749 3728 uelorum
764 3673 895 3742 dedecus,
908 3674 999 3729 bostis

358 3773 468 3840 Nature,
483 3771 596 3828 sceleris
608 3772 747 3838 conscius,
762 3772 826 3826 exul
838 3771 905 3826 abit.

321 3965 422 4021 Brutus
434 3963 492 4020 edit
504 3965 621 4030 Danaos,
636 3963 735 4018 Priami
748 3961 888 4018 successio
899 3962 989 4018 laetus

356 4062 439 4116 Passa
451 4061 621 4130 Neoptolemi
633 4061 690 4114 lala
702 4058 830 4127 gemebat
842 4058 888 4112 ibi.

322 4160 397 4214 Hanc
410 4159 556 4228 Pbrigibus
568 4171 717 4214 conrmune
730 4169 830 4224 genus,
844 4157 1005 4212 communio
1019 4155 1081 4223 inti,
