3206 5134
597 520 700 564 trouu
721 521 884 566 annulos,

226 633 392 696 Romuleam
406 632 527 694 festinus
541 629 613 692 edit.
656 631 785 694 Romana
794 629 933 711 juventus

225 755 341 815 Factum
357 751 547 835 comperiens
565 749 735 813 Germanica
749 755 845 814 castra
857 753 1003 833 relinquit,

225 875 259 934 Et
273 875 390 936 Romam
405 872 512 954 repetit
525 871 668 953 promissa
681 876 776 935 nocte.
819 873 970 936 Reducens

224 992 358 1072 Agmina,
374 992 492 1054 Belinus
506 992 536 1053 in
551 992 654 1053 vallem
669 1010 727 1072 qua
738 992 859 1054 redituri

225 1115 298 1176 Sunt
312 1115 410 1176 hostes
427 1113 510 1190 Latii,
523 1112 604 1195 jacet
616 1113 678 1190 hic;
695 1119 829 1194 expectat
841 1133 940 1176 eorum

225 1232 399 1295 Adventum.
441 1232 569 1296 Veniunt
580 1233 712 1295 veniente
726 1233 788 1308 dic;
804 1233 863 1296 ruit
877 1235 968 1298 omnis

226 1353 335 1416 Cautus
351 1352 380 1413 in
395 1353 539 1429 incautos3
557 1353 721 1414 exterritur.
765 1355 876 1434 Agmen
891 1355 999 1418 inerme

226 1474 335 1536 Armati
349 1479 482 1536 sternunt
495 1473 646 1549 Britones3
662 1493 720 1536 non
735 1494 834 1556 pugna
847 1475 962 1539 videtur

226 1593 290 1665 Quc
305 1593 425 1672 geritur.
469 1593 566 1665 Quum
581 1593 648 1656 serit
662 1595 715 1656 hec
730 1614 808 1676 pars,
825 1615 894 1677 pars
909 1597 986 1659 cadit
999 1598 1058 1660 illc.

226 1716 303 1776 Dant
316 1713 396 1776 Fabii
411 1733 464 1776 sua
477 1719 560 1794 terga
573 1715 653 1794 fuge.
696 1715 814 1778 Belinus
827 1737 927 1779 eorum

225 1837 320 1915 Terga
333 1839 412 1896 secat
426 1834 533 1914 gladio,
550 1836 628 1897 nulia
640 1835 748 1917 pietate
763 1841 904 1900 retentus.

225 1947 354 2018 Tandeui
369 1955 534 2016 consulibus
548 1956 636 2017 latiis
650 1975 706 2018 nox
720 1961 750 2018 et
761 1957 831 2036 iuga
844 1957 975 2039 prodest.

225 2075 343 2137 Belinus
357 2095 436 2151 vero,
453 2081 605 2157 postquam
620 2075 741 2138 victoria
753 2080 834 2138 tanta

226 2195 320 2259 Cessit
333 2195 371 2272 ei,
387 2195 519 2275 sequitur
531 2197 661 2272 tratrem,
677 2195 727 2276 qui
740 2197 833 2258 menia
847 2199 937 2260 Rome

226 2315 359 2392 Obsidet,
376 2321 405 2378 et
419 2317 506 2395 longe
520 2335 617 2378 muros
632 2317 767 2397 indagine
782 2317 881 2398 cingit.

224 2437 262 2498 Se
276 2436 453 2500 commisceri
465 2437 595 2516 gaudeat
608 2437 730 2518 collegia
743 2439 874 2516 fratrum,

224 2559 452 2640 Impugnantqne
467 2559 579 2620 urbem.
622 2559 721 2620 Muros
735 2561 864 2622 Romana
877 2568 1015 2625 coronent

223 2680 360 2759 Agmina;
377 2681 498 2742 telorum
513 2680 620 2743 densus
635 2681 713 2744 cedit
724 2680 861 2762 undique.

222 2802 301 2862 Dum
315 2801 354 2862 uit
367 2799 522 2882 proficiunt
534 2802 649 2877 iratres²
664 2801 796 2883 perjuria
809 2807 924 2884 patrum

223 2921 351 2983 Obstant
364 2921 529 2997 obsidibus;
547 2921 692 3002 quonium,
708 2922 891 2984 cernentibus
905 2923 988 3004 ipsis,

222 3041 366 3120 Suspensi
376 3041 487 3121 laqueis
502 3041 586 3105 vitam
601 3041 684 3104 finire
696 3041 834 3124 pudendo

222 3163 335 3223 Funere
349 3168 503 3242 coguntur,
519 3163 593 3224 victa
606 3162 712 3244 pietate
726 3167 858 3244 paterne.

221 3281 309 3344 Urbis
323 3301 403 3362 amor
417 3286 515 3363 patres
529 3282 656 3344 stimulat
670 3281 835 3344 deffendere
848 3301 956 3345 muros.

222 3403 301 3463 Dum
315 3401 400 3464 simul
412 3401 565 3464 intendunt
577 3403 694 3484 penitus
708 3403 805 3465 delere
818 3402 960 3477 Britanni,

222 3521 385 3601 Servilique
395 3523 470 3604 jugo
485 3522 633 3605 perjuram
648 3523 744 3586 delere
758 3524 889 3600 Romam,

221 3644 296 3705 Ecce
309 3643 367 3705 ruit
381 3645 522 3705 scelerata
536 3643 650 3719 cohors,
667 3662 751 3722 quam
766 3643 845 3706 ducit
859 3643 889 3704 in
902 3643 1001 3706 hostes

222 3763 333 3826 Consul
347 3769 469 3842 uterque
483 3783 561 3826 suos.
604 3765 734 3826 Norruut
749 3763 851 3826 vexilla
864 3783 993 3841 suorum,

222 3883 330 3946 inclusi
343 3888 443 3965 portus
457 3887 587 3946 reserent
600 3887 788 3965 prestantque
802 3887 936 3963 paratum

222 4005 367 4066 Auxilium
382 4004 481 4066 sociis.
523 4005 658 4068 Britoncs
672 4025 725 4067 nec
737 4013 814 4067 retro
829 4025 881 4067 nec
897 4009 964 4068 ante

222 4125 304 4188 Cede
318 4131 432 4200 carent;
449 4125 527 4188 nulla
541 4125 588 4188 via
601 4130 682 4207 patet
696 4144 752 4204 qua
766 4125 869 4188 cedere
882 4125 1008 4208 possint.
