3226 5168
367 467 423 531 tit
637 481 742 527 cnsnr
764 481 879 526 saona
901 479 1113 525 nrrrrnnrn.

365 598 403 656 At
417 615 482 658 cum
498 593 677 675 Baldulphus
691 591 779 654 clausi
796 611 850 654 non
864 595 963 672 posset
976 591 1084 652 habere

365 715 544 796 Colloquium
558 713 666 790 fratris,
682 717 745 774 tuto
761 711 824 774 radi
838 711 893 772 sibi
907 711 1024 772 barbam

365 837 568 918 Cesariemqne
582 835 650 898 tacit
662 839 763 897 contra
776 851 890 915 pagana
903 837 1027 908 statuta,

364 958 400 1019 Et
411 957 506 1040 posito
520 959 601 1020 vultu
614 956 731 1038 pagani,
745 975 777 1016 se
792 953 968 1016 citharedum

364 1083 522 1162 desumpta
533 1079 616 1160 fingit
628 1078 750 1155 cithara,
765 1077 918 1159 gentisque
931 1075 1024 1139 fidelis

365 1203 468 1267 Castra
481 1202 567 1265 subit.
610 1201 742 1263 Timidus
755 1199 844 1262 muris
859 1199 1039 1282 approximat
1052 1197 1142 1274 urbis,

365 1324 504 1406 Agnoscit
516 1326 633 1388 fratrem
648 1324 748 1400 irater,
760 1322 899 1404 jactoque
913 1321 1035 1384 rudente

364 1446 452 1508 Tollit
465 1465 541 1509 eum.
584 1446 685 1508 Frater
698 1445 804 1506 letatur
818 1443 907 1505 fratre
920 1445 1047 1525 reperto.

365 1567 496 1648 Denique
511 1587 574 1630 cum
588 1567 678 1630 clausi
692 1567 857 1648 desperant,
874 1565 1000 1646 dumque
1013 1567 1150 1650 triumphi

365 1690 452 1772 Spem
466 1689 543 1770 gerit
557 1690 691 1764 hrturns,
707 1689 773 1752 dum
789 1687 864 1750 muri
878 1689 1096 1766 concuciuntur,

365 1813 436 1874 Eece
450 1811 612 1874 serenares
626 1815 760 1874 sexcente
773 1810 861 1874 milite
875 1813 961 1894 plene

364 1931 538 2008 Adueniant,
554 1951 625 2011 quus
636 1931 698 2013 jem
715 1931 869 1994 Germania
882 1933 1001 1996 miserat
1015 1935 1081 1998 itluc

364 2051 437 2115 Cum
451 2053 525 2115 duce
538 2053 702 2117 Chetdrico.
746 2053 826 2126 Quas
841 2074 904 2116 cum
921 2075 973 2118 rex
986 2057 1066 2120 nouit
1079 2057 1193 2134 adesse,

364 2176 407 2237 Ne
421 2175 476 2237 sibi
489 2174 616 2238 deterius
631 2175 820 2256 contingeret,
837 2176 1016 2240 obsidionem

364 2296 491 2374 Deserit,
507 2301 536 2358 et
549 2295 620 2359 laxis
635 2297 723 2358 ducto
737 2297 810 2378 petit
822 2299 937 2379 agmine
953 2301 1042 2364 ironis

366 2417 541 2481 londonias.
584 2421 644 2482 lter
657 2419 803 2481 Armorica
817 2420 943 2502 regionis
960 2423 1065 2486 ttoelus

365 2537 453 2600 Ducit
465 2537 494 2599 in
508 2537 646 2601 auxilium
660 2539 738 2620 regis
751 2543 797 2600 ter
810 2539 935 2620 quinque
949 2541 1075 2605 virorum

364 2657 454 2734 Milia,
471 2659 508 2722 dc
523 2679 644 2740 quornm
658 2679 777 2722 numero
793 2661 929 2740 confisus,
945 2663 974 2725 in
987 2664 1086 2726 hostes

365 2781 403 2842 Se
418 2781 503 2860 gerit,
519 2783 668 2844 obsessam
682 2783 830 2863 cingentes
845 2784 1070 2849 Lindecotinum.

365 2902 480 2965 Perfida
493 2903 664 2967 christicolis
678 2923 749 2984 gens
765 2904 846 2967 firma
860 2911 954 2968 mente
968 2907 1087 2984 resistit,

365 3023 480 3102 Datque
493 3023 628 3105 capitque
641 3043 744 3104 graves
758 3025 922 3088 constrictis
936 3027 1054 3090 ensibus
1068 3028 1158 3101 ictus;

365 3143 401 3204 Et
414 3142 507 3224 clipeo
523 3142 630 3206 Christi
644 3148 774 3226 protecta
789 3152 904 3207 caterva
917 3145 1010 3209 fidelis

365 3263 468 3326 Tradit
481 3283 593 3346 pagane
607 3265 701 3345 gentis
716 3285 766 3327 sex
779 3265 855 3328 mitia
868 3268 963 3329 morti.

366 3383 494 3464 Cumque
508 3385 562 3446 sibi
575 3384 716 3466 prodesse
730 3385 817 3447 nichil
832 3385 911 3449 videt
922 3387 1023 3469 ydote,
1039 3407 1171 3471 campum

365 3504 481 3568 Deserit
495 3505 581 3566 effere
595 3522 679 3582 gens,
694 3505 866 3586 fugiensque
880 3507 988 3569 relaxat
1001 3509 1139 3570 habenas.

406 3625 470 3686 Stat
484 3643 585 3686 nemus
599 3625 720 3686 arboreo
735 3624 883 3688 Calidonis
896 3627 1001 3689 robore
1015 3628 1147 3704 densum,

365 3747 397 3807 ln
412 3765 469 3826 quo
483 3766 515 3808 se
529 3745 633 3827 recipit
646 3747 707 3808 sera
720 3765 807 3826 gens;
824 3753 854 3808 at
866 3754 961 3812 mente
976 3755 1135 3833 resumpta,

365 3867 452 3929 Stans
465 3866 522 3928 illic
532 3865 621 3948 jactis
635 3866 699 3928 telis
714 3867 848 3947 saxisque
862 3869 971 3932 resistit

365 3987 485 4068 impetui
499 3987 660 4051 Britonum.
704 3989 837 4053 britones
851 4009 903 4054 sna
917 3993 975 4054 tela
987 3993 1117 4056 videntes

364 4108 412 4172 Nil
427 4108 566 4190 prodesse
580 4109 645 4185 sibi,
662 4129 748 4188 quum
762 4129 862 4174 nemus
877 4112 983 4193 excipit
997 4113 1081 4189 ictus,
