3226 5168
356 461 411 524 t06
629 479 733 526 ossas
754 481 868 526 occurs
889 480 1103 528 suranorum.

352 592 418 654 Dur
431 592 518 672 igitur
532 591 625 674 portis
640 591 791 656 Gorlosius
804 592 862 656 erit
875 591 994 674 apertis,

351 711 384 772 Et
400 710 496 792 gladio
510 712 631 775 faciente
646 711 719 776 mam
734 731 765 774 se
780 712 866 775 mittit
878 713 906 775 io
920 713 1030 776 hostes.

352 832 425 894 Cum
439 837 484 896 ter
497 833 573 896 mille
587 833 655 896 viris
669 835 697 897 in
712 833 806 916 primo
820 839 910 898 marte
925 837 1104 916 peremptus,

350 953 418 1016 Dux
432 951 520 1015 cadit.
564 954 662 1018 Occisi
679 973 775 1018 cesum
790 955 871 1018 ducis
884 954 996 1018 intimat
1009 955 1073 1037 ejus

351 1073 377 1134 N
381 1073 480 1136 uncins
494 1075 592 1152 uxori余
609 1076 660 1138 sed
675 1078 768 1139 torma
780 1076 936 1158 sophistica
949 1075 1028 1156 regis

350 1195 529 1259 Contradicit
542 1197 579 1260 ei.
621 1199 709 1279 Regis
723 1198 822 1260 fallace
836 1203 958 1275 remota,

349 1317 426 1380 Vera
439 1317 515 1380 redit
527 1319 631 1396 lecies余
647 1339 732 1402 quam
746 1339 796 1381 rex
810 1319 944 1402 cognovit
958 1319 1082 1394 adulter,

349 1437 506 1519 Cognoscit
520 1438 649 1520 conjunx
661 1440 739 1521 pleni
752 1439 831 1520 quod
845 1440 965 1522 suscipit
978 1441 1056 1502 inde.

348 1557 459 1620 Nobilis
474 1559 599 1622 Amurus
611 1560 677 1622 hinc
691 1561 819 1623 nascitur
833 1565 862 1622 et
876 1579 960 1622 soror
973 1562 1066 1622 Anne.

348 1678 417 1742 lude
431 1677 483 1741 diu
496 1680 602 1761 placita
615 1681 715 1760 gavisa
728 1687 773 1743 est
787 1681 881 1743 insula
896 1699 983 1761 paoe余

347 1797 407 1860 Sed
421 1798 488 1880 quia
502 1819 572 1880 sepe
586 1801 680 1862 solent
694 1799 808 1862 misceri
821 1799 917 1862 tristia
929 1799 1006 1876 letis,

346 1918 452 1980 'locius
465 1919 495 1981 in
508 1920 618 1983 luctum
631 1924 785 1984 vertuntur
797 1921 903 2002 gaudia
917 1921 999 2000 regni
1016 1942 1022 1981 :

348 2039 419 2100 Nem
432 2039 517 2101 simnl
531 2040 641 2120 egressi
655 2040 692 2103 de
707 2061 823 2104 carcere
837 2040 915 2122 regis
929 2040 1006 2102 ane

348 2160 479 2240 Octaque
493 2165 571 2238 sunt,
587 2161 669 2224 bellis
682 2180 779 2242 regem
793 2177 972 2241 regnumque
986 2163 1149 2236 lacescunt余

346 2277 419 2342 Nam
432 2299 484 2342 rex
497 2285 614 2362 egrotus
628 2281 768 2344 obsistere
782 2301 839 2344 non
855 2281 930 2344 valet
943 2281 1011 2344 illis.

346 2398 420 2462 Loth
434 2403 529 2462 temen
543 2400 660 2481 egregio
675 2401 756 2481 regni
770 2399 922 2462 committit
935 2400 1073 2462 habenas.

346 2519 394 2582 llle
408 2519 486 2582 moes
500 2519 577 2602 regis
592 2521 708 2602 supplet
722 2541 775 2602 pro
789 2539 877 2603 posse
889 2520 1055 2596 Britannos,

344 2639 434 2701 Ducit
448 2640 476 2701 in
491 2639 627 2731 adversas
641 2641 728 2718 acies,
745 2641 919 2720 quandoque
932 2642 1050 2721 lugetur

344 2760 380 2820 Et
393 2759 565 2840 quandoque
578 2761 675 2840 lugat3
691 2760 744 2824 aed
758 2779 820 2837 rex,
836 2759 886 2840 qui
898 2760 1013 2822 vincere
1026 2777 1141 2841 semper

344 2878 396 2940 Est
409 2878 521 2955 solitus,
537 2877 667 2958 vincique
680 2897 733 2942 sno
748 2883 924 2959 conquestus
938 2880 974 2942 eb
988 2879 1083 2954 hoste,

345 2999 383 3060 Se
396 2998 465 3060 lecit
477 2997 506 3062 io
519 3000 626 3062 feretro
642 2999 812 3064 Germanica
824 3001 854 3062 in
868 3001 981 3080 egmina
994 3001 1073 3064 ferri.

345 3119 454 3183 Omnes
468 3119 497 3182 in
511 3121 617 3182 feretro
631 3124 693 3183 tum
708 3121 920 3202 conspicientes

344 3237 532 3316 Seminecem,
546 3244 672 3302 renuunt
686 3240 771 3304 ermis
786 3240 941 3302 incessere.
984 3241 1092 3320 Regem

343 3357 455 3420 Excitat
467 3357 514 3420 ille
527 3362 622 3421 temen
635 3358 710 3421 acies
724 3359 753 3422 io
768 3361 906 3422 Saxones.
951 3357 1027 3422 Oete

343 3477 410 3539 Dur
424 3483 454 3539 et
469 3477 547 3540 llose
560 3477 668 3540 cadunt
681 3497 746 3540 cnm
760 3497 866 3559 magne
879 3483 962 3559 parte
976 3496 1104 3542 suorum.

342 3597 506 3678 Diffugiunt
519 3597 578 3674 ulii,
594 3617 692 3679 regem
705 3599 812 3662 sentire
825 3598 953 3662 dolorem

343 3717 483 3798 Langoris
496 3717 652 3800 prohibent
666 3723 768 3782 cantus
782 3720 960 3800 plaususque
972 3719 1121 3806 triumphi.

343 3837 395 3900 Vis
409 3842 504 3902 tamen
517 3839 565 3902 illa
578 3839 655 3916 mali,
672 3844 741 3922 post
753 3843 835 3902 tante
848 3839 997 3902 molestius
1011 3839 1106 3921 ipsum

344 3957 459 4022 Gaudia
471 3959 547 4022 lecta
560 3963 681 4041 marani
694 3978 804 4041 regem,
821 3959 996 4042 graviusque
1009 3957 1143 4038 fatigant.

341 4079 445 4148 Parius
459 4083 593 4160 orgeolo,
608 4079 698 4160 regali
712 4079 847 4144 subditus
861 4079 925 4142 aule
