3206 5134
349 517 388 582 74
623 533 729 578 osser
751 533 867 577 aenou
888 531 1104 577 eerrrunrn.

350 646 424 708 Orat
438 661 522 726 opem
535 645 645 725 presul,
662 643 744 722 regni
757 661 827 722 rege
841 641 966 704 carentis

348 765 494 848 Suscipiat
507 765 647 846 regimen,
664 765 741 844 quod
755 765 897 826 barbarus
912 767 1036 844 occupat
1048 761 1152 824 hostis.

349 887 510 968 didrogeus
524 885 567 948 sic
581 885 674 966 inquit
689 885 715 946 ei
730 905 737 945 :
755 885 769 910 ‘³
781 885 842 946 Nos
857 883 983 964 undique
998 882 1073 946 Galli

349 1007 473 1072 Assidne
484 1013 599 1070 vexant.
643 1009 784 1070 Nostrum
798 1005 964 1068 deffendere
977 1024 1098 1085 regnum

349 1129 452 1193 Sunius
467 1149 531 1192 esse
544 1147 623 1204 reor,
639 1127 727 1189 dubio
742 1146 827 1208 qnam
842 1146 964 1208 querere
977 1132 1072 1188 mente

348 1252 404 1314 Per
417 1269 507 1326 mare,
523 1268 576 1331 per
590 1254 684 1312 terras
697 1267 819 1328 reguum
834 1247 912 1328 quod
925 1245 1056 1328 possidet
1070 1247 1178 1323 hostis;

348 1369 407 1434 Sed
421 1391 458 1433 ne
472 1369 622 1454 subjaceat
636 1369 707 1433 illud
721 1370 783 1430 sine
797 1369 910 1432 vindice
923 1387 1045 1450 regnum

348 1491 503 1556 Barbarioo
514 1491 588 1574 juri,
605 1490 664 1553 duo
678 1491 755 1553 milis
767 1509 847 1553 sume
862 1491 997 1564 uirorum,

350 1613 432 1688 Quos
447 1633 510 1676 eum
524 1614 614 1676 fratre
627 1633 691 1676 meo
707 1612 895 1677 Constantino
909 1612 963 1674 tibi
977 1612 1072 1674 uodo.
1086 1611 1101 1636 '’

348 1735 449 1796 Presul
463 1733 523 1814 agit
537 1737 645 1814 grates,
663 1731 911 1812 constantinoque
924 1735 1027 1793 roceto

348 1855 508 1918 subridens
523 1855 617 1936 inquit
633 1877 639 1917 :
657 1857 671 1882 “
683 1855 779 1931 Solve,
793 1854 926 1937 juvenis!
944 1853 996 1915 tibi
1009 1853 1102 1915 virtus

348 1976 466 2054 Christi,
483 1976 532 2056 qui
547 1981 675 2058 superet,
692 1976 742 2057 qui
755 1981 858 2056 regnat
871 1979 901 2037 et
914 1975 1048 2057 imperet,
1065 1975 1154 2036 adsit!

348 2098 421 2160 Ecce
435 2096 524 2160 decus
537 2097 638 2173 nostri,
654 2117 722 2180 spes
738 2102 768 2160 et
782 2096 911 2159 defensio
926 2095 1019 2176 regni.
1034 2096 1049 2120 ”

347 2219 373 2279 N
376 2238 409 2280 ee
423 2237 514 2294 mora,
531 2219 622 2280 classe
636 2218 704 2280 viris
719 2219 847 2300 impleta,
864 2222 952 2280 naute
965 2217 1077 2298 repenti

349 2337 477 2400 Carbasa
492 2338 542 2401 dat
556 2339 698 2422 Zephiro;
713 2338 781 2401 litus
796 2339 961 2401 't'otonense
975 2341 1095 2418 repente

348 2458 474 2539 Navigio
489 2459 606 2540 tegitur.
650 2460 765 2537 Egressi
779 2459 900 2522 naribus
913 2459 1013 2522 hostes

348 2581 520 2664 Impugnare
533 2585 649 2663 parant,
664 2581 814 2643 Britonum
829 2589 924 2643 tamen
938 2585 1004 2643 ante
1019 2585 1119 2642 roceto

349 2701 408 2775 Qui
421 2707 554 2784 superest
567 2701 687 2784 popolo.
732 2699 874 2764 Conserto
888 2705 984 2763 mente
997 2701 1108 2782 togata,

347 2823 476 2885 Barbare
489 2839 560 2902 gens
575 2821 626 2884 dat
639 2825 723 2902 terga
735 2822 814 2901 suge,
829 2839 1010 2902 regnumque
1024 2821 1169 2902 relinquit.

349 2941 482 3023 Undique
496 2942 671 3005 conveniunt
685 2943 829 3018 Britones,
845 2961 917 3023 quos
931 2942 1072 3005 burburus
1085 2943 1176 3004 hostis

348 3065 511 3145 Sparserat,
528 3069 557 3124 at
570 3065 656 3146 capiti
672 3063 853 3127 Constantini
868 3063 1002 3126 diadema

347 3187 454 3265 Regale
467 3185 628 3268 imponunt.
671 3187 750 3249 Uxor
764 3205 878 3266 quoque
891 3184 1015 3248 traditur
1028 3185 1079 3262 itti,

349 3305 390 3368 Ex
404 3307 598 3369 Rornanorum
612 3325 752 3387 generoso
766 3307 907 3386 sauguine
920 3311 998 3382 nata,

349 3427 444 3500 Quam
459 3426 622 3490 Guizelinus
637 3427 787 3490 nutrierat.
830 3427 904 3490 Huio
917 3427 1050 3490 oriuntur

347 3547 421 3610 't'res
434 3548 527 3629 pueri,
544 3567 664 3629 quorum
681 3545 1051 3624 Goo.uoes‚1tmoroetue,
1070 3549 1164 3612 Utter

347 3669 470 3732 Nomina
483 3674 560 3732 sunt.
606 3671 750 3732 Constans
765 3671 963 3746 monachatur,
979 3675 1061 3752 patre
1072 3671 1206 3752 jubente.

387 3789 499 3853 Interea
512 3789 629 3871 qnidam
643 3790 752 3867 Pictos,
768 3781 905 3852 mucrone
919 3791 1025 3866 soluto,

347 3910 489 3975 Interimit
501 3929 599 3992 regem
614 3911 735 3974 tumulus
750 3911 790 3974 nit
803 3912 860 3973 tale
873 3910 1030 3974 timentem.
1314 3931 1374 3980 sono

347 4030 529 4094 Conveniunt
542 4031 632 4112 igitur
645 4051 792 4115 proceres,
809 4033 896 4114 igitur
910 4031 947 4094 de
960 4031 1162 4095 substituendo

346 4153 425 4236 Rege
439 4152 523 4216 simui
536 4157 672 4230 tractant,
689 4173 754 4217 enm
768 4153 961 4235 vortigernus
974 4152 1012 4214 od
1026 4152 1121 4234 ipsum
