3206 5134
363 495 399 556 10
637 509 743 554 euers
763 509 878 554 uranu
899 510 1108 558 carricare.

359 619 547 702 conspiciunt
559 619 590 680 in
604 637 638 680 ea
651 617 773 680 delubra
787 622 903 680 uetusta
914 618 1018 682 Dione.

359 741 486 803 Credere
500 739 524 800 si
538 741 581 800 ias
595 743 650 813 est,
665 737 703 799 ibi
718 738 769 800 dat
782 756 922 819 responsa
933 741 1054 820 petenti.

359 860 419 920 Hiis
434 859 513 937 visis,
529 857 682 920 discedunt
695 857 773 932 inde,
789 859 922 936 ferasque
936 859 1061 922 terentes

358 980 472 1042 Diversi
485 979 611 1058 generis,
626 978 750 1040 redeunt
762 977 801 1038 ad
815 977 883 1039 titus
896 978 1023 1040 honusti.

358 1101 427 1163 Visa
441 1100 508 1162 duci
520 1100 664 1173 reserunt;
681 1099 740 1160 dux
753 1117 818 1160 cnm
832 1099 995 1161 senioribus
1008 1101 1110 1162 urbem

358 1222 393 1282 Et
407 1221 527 1284 delubra
540 1219 623 1300 petit.
665 1217 753 1281 Gerio
767 1218 920 1280 comitatur
933 1225 1045 1294 euntes,

359 1343 470 1402 Doctus
483 1341 511 1402 in
526 1338 659 1418 augurio.
701 1338 831 1400 Vestitus
845 1337 975 1414 sindone,
993 1341 1100 1404 Brutus

357 1463 437 1524 tiore
452 1480 505 1522 suo
519 1459 609 1520 niveis
623 1458 713 1536 cingit
726 1477 780 1520 sua
792 1458 917 1539 timpora
930 1459 1023 1535 vittis3

357 1581 426 1641 Edis
439 1579 468 1641 in
482 1580 614 1660 ingressu
627 1585 687 1640 tres
701 1597 766 1640 aras
781 1579 921 1640 construit
937 1600 944 1638 ε
961 1599 1047 1642 unam

357 1700 509 1774 Mercurio,
525 1698 704 1777 mediamque
717 1699 792 1773 tovi,
807 1699 993 1778 dextramque
1006 1701 1109 1762 Dione.

357 1819 505 1880 Sacrificat
518 1818 599 1878 bovis
613 1822 678 1878 exta
690 1817 767 1892 iovi,
783 1836 923 1894 ceraeque
938 1817 1042 1893 Dione,

357 1938 555 2016 Mercurioque
569 1937 647 1998 cauis
664 1957 670 1995 :
687 1935 779 1997 tribus
792 1935 848 1998 hiis
862 1935 917 1996 trie
931 1937 1049 1999 numina
1061 1939 1169 2019 placet,

357 2059 392 2118 ut
404 2075 479 2119 nova
493 2062 559 2117 vota
571 2055 651 2131 iacit,
667 2060 696 2116 et
710 2056 797 2116 verba
810 2056 958 2135 precantia
972 2056 1058 2130 dieit;

358 2181 432 2238 Ante
445 2177 499 2237 dee
513 2180 636 2238 statuam
651 2183 740 2249 stans,
757 2175 832 2236 tollit
845 2175 882 2236 ad
896 2177 995 2238 ethera
1008 2180 1128 2258 vultum,

357 2299 392 2358 Et
406 2298 521 2378 plenum
535 2296 601 2358 vino
615 2295 702 2357 mixto
717 2314 781 2356 enm
795 2296 936 2375 sanguine
949 2317 1034 2359 ceree

357 2419 388 2478 tu
403 2417 504 2478 dextra
517 2419 629 2477 cratera
644 2421 755 2490 tenens,
770 2414 825 2477 hec
838 2417 925 2477 verba
939 2418 1072 2496 protatur
1087 2440 1093 2478 :

395 2537 410 2562 “
422 2537 497 2598 Diva
510 2536 624 2618 triplex,
641 2535 688 2596 cui
702 2541 771 2597 snut
784 2536 969 2617 Proserpina,
987 2539 1079 2613 Luna,
1096 2541 1190 2602 Diana

355 2660 380 2720 N
384 2659 488 2732 omina,
502 2659 628 2719 claustra
642 2657 731 2735 Stigis
746 2663 891 2737 penetras,
907 2659 1039 2736 preclara
1052 2661 1178 2741 refulges

356 2781 387 2840 ln
402 2779 474 2852 ceto,
487 2776 586 2857 jaculo
600 2794 748 2836 nemorum
762 2775 905 2854 gradiaris
920 2777 949 2837 in
962 2795 1064 2857 apros;

356 2899 488 2971 Presens,
504 2894 673 2976 preteritum
687 2899 718 2954 tu
732 2895 875 2974 conspicis
889 2901 975 2976 atque
989 2898 1134 2974 futurum,

357 3018 424 3091 Dic,
435 3017 510 3090 Dea,
527 3033 582 3094 que
597 3013 682 3074 michi
696 3013 733 3074 sit
747 3014 832 3075 tellus
846 3015 1003 3078 habitanda
1016 3017 1154 3098 meisque.

356 3138 415 3200 illic
429 3137 537 3218 tempta
550 3135 602 3196 tibi
617 3139 752 3209 statuam,
769 3139 799 3196 te
812 3153 927 3216 semper
939 3137 1052 3200 habebo

355 3261 409 3321 Pre
423 3257 534 3320 cunctis
548 3261 669 3336 gratam
685 3275 737 3336 pre
752 3255 863 3318 cunctis
878 3261 906 3318 te
919 3260 1106 3322 venerabor.”

355 3379 417 3441 iliis
431 3377 532 3440 nonies
546 3375 630 3438 dictis
644 3375 741 3438 Trivio
755 3381 799 3437 ter
813 3376 1017 3454 circuitorem,

356 3499 501 3577 Quodque
515 3501 595 3558 tenet
606 3495 709 3558 dextra
722 3496 817 3558 vinum
831 3497 966 3560 diffundit
978 3499 1008 3560 in
1021 3500 1115 3580 ignes.

354 3621 474 3698 Jamque
489 3637 578 3699 snper
591 3617 694 3698 pellem
709 3635 793 3679 cerve
803 3617 892 3698 jacet.
936 3619 1029 3700 Eripit
1041 3621 1119 3684 itliun

355 3739 455 3801 Dulcis
469 3757 618 3819 sompnus,
635 3741 664 3796 ot
677 3741 722 3797 est
735 3741 848 3819 tempus
862 3741 943 3818 quasi
958 3741 1047 3802 tercia
1060 3743 1152 3804 noctis

355 3861 448 3934 Hora3
465 3856 561 3919 venire
575 3855 658 3918 deam
671 3857 763 3918 risum
778 3865 822 3920 est
835 3875 870 3919 ac
883 3858 952 3920 talin
964 3859 1017 3920 tari
1032 3879 1039 3919 :

393 3979 409 4006 ²*
420 3981 520 4054 Brute,
537 3978 590 4040 sub
605 3995 710 4040 occasu
723 3977 803 4054 solis,
819 3982 900 4041 trans
915 3979 1025 4042 Gallica
1037 3999 1128 4062 regne

355 4103 450 4176 tuscia
464 4105 545 4164 vasta
554 4101 644 4184 jacet,
661 4100 790 4162 habitate
803 4100 968 4182 gigantibus
982 4101 1060 4181 olim,
