3272 5188
357 511 417 578 931
783 530 968 579 serenum.

464 645 597 701 Lucrinus
610 645 738 711 moritur,
752 646 880 714 victaque
893 647 975 701 turba
987 646 1068 714 lugia.

428 743 503 810 liege
515 741 632 798 cadente
643 742 718 798 ondit
728 756 797 810 gens
811 744 895 810 regia,
909 755 975 810 rege
988 749 1113 812 peremto

464 839 517 892 Pax
530 837 572 902 iit,
587 842 616 892 et
629 837 727 906 inperii
740 837 844 893 femina
854 839 917 906 iura
930 839 1012 908 rapit.

427 933 514 1000 Digna
525 935 621 999 rirngo
633 934 720 1001 patris
731 933 788 1002 jnrn
801 934 913 998 iemina,
930 947 1050 1001 cumque
1062 939 1188 1002 parente,

463 1028 497 1081 Ut
507 1027 595 1096 jubet,
609 1027 638 1080 in
650 1028 765 1082 fluvium
778 1029 960 1096 precipitatur
973 1029 1075 1083 ibren.

426 1123 531 1178 Nomen
544 1119 631 1176 ibren
643 1123 727 1178 iluvio
739 1124 774 1179 111
786 1125 893 1191 virgine
906 1137 1010 1179 nomen
1024 1124 1115 1180 eidem

457 1218 571 1273 Nomine
584 1225 726 1287 corrupto,
741 1219 840 1274 deinde
851 1217 971 1274 soom
984 1219 1079 1276 datur.

423 1315 510 1368 Annis
521 1313 565 1368 bis
579 1315 654 1368 senis
666 1328 787 1382 regnans
799 1319 863 1383 post
875 1315 932 1368 iata
944 1317 1041 1370 mariti

458 1409 549 1476 Exuit,
565 1414 594 1464 et
604 1415 670 1464 nato
684 1409 731 1464 dat
742 1408 869 1466 diadema
882 1425 944 1468 suo.

424 1503 520 1559 Sufloit
532 1519 597 1571 argo
610 1505 663 1559 sibi
674 1505 822 1572 [1111111111
838 1507 961 1575 dumque
973 1507 1085 1576 uigebat

458 1601 520 1656 Vita
532 1601 593 1665 sibi,
608 1603 696 1670 patrio
709 1616 788 1657 more
801 1603 915 1671 regebat
930 1618 1004 1659 eum.

425 1696 526 1750 Silvius
537 1696 642 1750 ltaliam
656 1697 819 1765 Snmuelque
831 1699 969 1768 propheta
982 1699 1099 1767 regebat

459 1791 585 1859 sudeam,
598 1797 677 1848 vates
689 1793 761 1848 luxit
772 1794 910 1849 Homerus
923 1795 1026 1850 adhue.

425 1888 494 1954 lisso
508 1887 604 1942 Madau
617 1890 744 1956 geminos
758 1891 854 1958 genuit
867 1889 901 1944 tle
914 1891 1032 1958 conjuge
1045 1897 1127 1946 natos
1141 1908 1147 1945 :

459 1982 536 2036 Alter
547 1981 711 2051 Monpioius,
724 1983 830 2038 llansin
842 1989 872 2039 11
884 1984 958 2038 alter
971 1990 1040 2040 erat.

424 2077 514 2145 thue
526 2081 625 2144 quater
637 2077 716 2132 (lenis
730 2091 847 2145 regnum
860 2079 1025 2146 possederat
1039 2083 1135 2146 armis,

460 2172 590 2228 sternatis
601 2178 630 2228 st
642 2175 699 2228 vita
711 2173 745 2228 iit
755 2175 808 2228 sibi
821 2181 896 2230 mets
909 2189 969 2231 sue.

425 2267 469 2322 lis
481 2268 570 2322 oritur
580 2269 664 2334 natis,
679 2281 796 2336 regnum
810 2275 938 2337 captatur
949 2272 1078 2338 utrinam

459 2363 526 2418 Cum
539 2364 715 2431 monuique
728 2369 811 2432 queat
824 2365 923 2420 sedere
937 2371 1015 2420 totus
1027 2367 1127 2433 honor,

424 2459 595 2526 colloquium
607 2461 725 2528 eapitur.
763 2460 914 2529 ilenpioius
928 2462 1118 2516 instimulatus

459 2556 592 2618 lismona,
607 2556 761 2611 fraternum
773 2557 873 2625 polluit
885 2571 953 2612 ense
966 2558 1066 2626 capud.

424 2650 549 2720 optinuit
560 2665 688 2719 reguum,
702 2665 759 2705 non
772 2666 821 2706 rex
834 2657 939 2717 tamen,
955 2653 1041 2708 immo
1055 2655 1195 2720 timnnus;

461 2746 572 2801 Delotor
584 2748 695 2814 proprie
708 2748 800 2814 gentis
812 2753 842 2800 et
853 2747 944 2802 hostis
957 2753 1027 2802 erat.

424 2842 474 2896 Hie
487 2846 519 2896 ut
530 2840 666 2896 aduersus
677 2847 738 2896 erat
748 2843 852 2910 pueris,
867 2855 953 2897 uxore
965 2844 1073 2908 talieta,

460 2936 516 2999 Qua
529 2937 582 2991 luit
592 2937 727 2992 Rubrauoi
739 2941 839 3003 mater,
854 2937 889 2992 ad
904 2939 959 2992 lma
972 2938 1038 2994 ruit.

424 3033 458 3087 Ut
471 3047 521 3087 sua
533 3033 576 3086 bis
588 3031 668 3087 denis
680 3033 776 3086 feritas
789 3039 954 3100 regnaverat
966 3034 1058 3098 annis,

460 3127 567 3182 venatu
579 3127 690 3182 rediens
703 3126 736 3183 tit
749 3127 827 3182 cibus
839 3129 886 3182 illa
899 3127 981 3198 lupis.

423 3315 500 3371 'luno
511 3316 540 3370 in
552 3316 639 3370 iudea
651 3317 714 3370 Saul
726 3317 874 3384 regnabam
888 3322 918 3371 at
929 3317 974 3372 ille

459 3412 489 3464 ln
503 3411 711 3476 Lauademonia,
725 3413 770 3467 oni
783 3426 866 3479 grase
877 3425 983 3466 nomen
994 3418 1073 3468 emt:

422 3507 545 3561 Nominis
561 3503 602 3560 liu
614 3519 679 3574 pars
691 3508 782 3574 prima
794 3507 847 3572 sni,
863 3521 929 3576 pars
941 3507 1029 3562 altera
1041 3523 1073 3562 on
1086 3510 1134 3574 sit,

458 3599 561 3654 Bittius
574 3600 692 3654 addatur
704 3601 798 3666 tercia,
814 3613 918 3654 nomen
931 3601 1048 3656 habens.

424 3694 565 3749 Ehrnuons
576 3699 641 3762 post
652 3693 708 3748 iata
720 3696 817 3763 patris,
834 3693 914 3749 denis
928 3701 1027 3762 quater
1038 3699 1120 3751 annis

460 3789 573 3856 Sceptra
585 3801 694 3855 iugens,
708 3803 809 3855 magne
821 3789 864 3844 111
876 3789 1020 3856 probitatis
1035 3797 1104 3855 erat,

421 3883 487 3940 Post
497 3885 623 3950 Brutum,
637 3887 683 3953 qui
697 3887 804 3954 primus
817 3895 877 3939 erat
888 3887 935 3954 qui
946 3887 1048 3941 Gallica
1059 3901 1145 3954 regnu

458 3979 576 4035 Naribus
588 3980 722 4034 adventus
734 3981 917 4049 depopulatus
930 3987 1000 4036 erat.

420 4075 561 4130 (loliorum
574 4075 678 4144 spoliis,
693 4075 833 4143 predaque
847 4081 958 4130 recente
971 4078 1086 4144 potitus,

456 4172 495 4226 io
509 4185 559 4226 sun
572 4173 681 4240 navigio
696 4187 780 4238 regna
793 4172 900 4228 reditur
913 4187 1010 4228 orons.
