3206 5134
586 511 690 555 LIBBB
710 511 851 555 eatena.

204 619 334 684 Cernens
348 621 482 684 delectat.
526 622 609 683 Tune
622 622 760 704 temporis
775 624 889 704 Albyon
904 622 993 705 hujus

203 743 315 804 Nomen
330 748 392 804 erat
404 747 491 820 terre,
509 763 585 804 nune
600 742 677 804 dicta
691 743 835 805 Britannia
851 743 956 826 Major.

203 863 353 924 illustrant
365 863 467 925 faciem
480 867 574 939 terre;
591 863 643 925 sed
658 864 735 925 nulla
748 863 875 925 virerum

202 985 291 1045 Facta
304 985 414 1062 vident,
430 987 581 1066 nullosque
594 983 683 1061 viros,
699 984 728 1046 ui
743 985 817 1047 ferte
831 989 975 1067 gygantes

201 1104 328 1182 Paucos,
344 1105 393 1186 qui
408 1106 522 1186 tugiunt
536 1105 602 1168 illos
617 1103 781 1186 adeuntque
798 1125 946 1168 cavernas.

245 1225 313 1287 tude
326 1247 418 1290 novus
432 1247 553 1308 regnum
567 1226 651 1289 sociis
665 1247 716 1290 rex
731 1225 835 1288 dividit
849 1237 935 1308 eque,

203 1345 317 1426 Cuique
331 1365 412 1408 suam
426 1346 556 1410 tribuens
571 1351 687 1410 sortem
734 1346 861 1410 Castelta
875 1345 1034 1426 domosque

200 1464 353 1528 Editieant.
395 1467 515 1530 Miratur
530 1469 634 1530 humus
648 1489 680 1530 se
694 1487 812 1532 vomere
826 1467 926 1540 tesam,

199 1584 317 1647 Semina
330 1607 362 1649 se
375 1587 535 1667 gravidam,
552 1607 583 1650 se
596 1588 682 1650 tetam
697 1587 838 1666 germine,
856 1605 950 1650 mesae

200 1706 242 1768 Se
254 1725 353 1770 cauam
367 1707 480 1785 subito;
497 1713 592 1770 tamen
606 1713 651 1770 est
664 1709 693 1770 in
706 1713 838 1788 tempore
852 1726 942 1790 parvo

199 1827 308 1890 Dedita
322 1829 445 1904 culture,
461 1829 543 1910 quasi
557 1829 598 1890 sie
613 1830 649 1890 ab
665 1828 777 1908 origine
792 1827 890 1890 mundi

110 1929 112 1934 ⁵
200 1947 288 2010 Culta
300 1951 385 2012 toret.
426 1951 538 2012 Nomen
552 1950 652 2032 populi
668 1955 801 2030 terreque
816 1952 939 2010 novatur
954 1969 962 2008 :

199 2069 224 2130 Α
241 2069 332 2131 Bruta
346 2071 481 2133 Briteues
495 2070 642 2148 dicuutur,
658 2070 718 2132 siva
732 2069 874 2144 Britanni,

198 2190 322 2252 Nomine
335 2197 483 2273 corrupto.
527 2189 650 2253 corneo
664 2189 797 2252 coneedit
809 2189 974 2252 hahendam

200 2311 393 2389 cornubiam,
411 2331 515 2375 nomen
529 2331 612 2376 suum
627 2311 747 2374 sortitur
761 2312 797 2373 ab
811 2311 871 2372 illo.

198 2431 291 2510 Plaga
304 2431 370 2494 duci
384 2433 480 2514 placet
492 2433 558 2510 hee,
574 2433 707 2512 quoniam
723 2429 870 2512 provincia
886 2430 962 2492 nulla

197 2551 246 2611 De
260 2551 371 2614 cunetis
385 2551 448 2614 aliis
461 2557 506 2614 tat
519 2553 606 2614 habet
620 2557 691 2632 quot
705 2557 734 2614 et
747 2552 796 2613 illa
810 2556 964 2634 gygantes,

198 2671 278 2732 luter
293 2689 365 2751 quos
379 2691 467 2749 unus,
482 2673 568 2754 eujus
582 2691 686 2735 nomeu
702 2671 882 2752 Goemagus;

198 2789 342 2852 Horridus
357 2796 402 2854 est
414 2792 554 2871 fortisque
569 2811 675 2874 gygas,
691 2791 735 2853 bis
749 2813 800 2854 sex
814 2793 974 2854 cubitorum

199 2911 344 2992 Corpore.
387 2913 418 2974 Si
433 2932 569 2992 quercum
584 2913 672 2974 semel
687 2913 805 2990 excutit,
823 2913 921 2974 obruit
935 2912 1023 2974 illam.

197 3031 250 3092 llle
265 3031 367 3094 ducem
382 3033 534 3113 sociosque
547 3033 631 3096 ducis
647 3033 710 3095 diis‘
717 3033 913 3096 sacrificantes

198 3151 327 3227 invadit3
345 3153 500 3215 comitatur
514 3172 579 3216 eum
593 3155 655 3216 tera
668 3155 754 3216 turba
769 3157 939 3236 gygantum.

196 3270 331 3351 Vinginti
344 3273 452 3334 cedant
466 3273 575 3337 erudeli
591 3275 662 3336 cede
676 3274 842 3336 Britannos.

197 3391 331 3472 Undique
345 3399 521 3455 concurrunt
534 3395 683 3471 Britones;
699 3395 850 3474 subitoque
865 3399 1009 3476 gygantes

197 3511 305 3576 Omnes
320 3513 390 3577 daut
402 3515 498 3593 morti,
514 3521 612 3596 preter
626 3516 718 3578 selum
734 3513 925 3595 Geomagum,

198 3633 293 3706 Quem
307 3635 361 3696 sibi
373 3635 483 3698 servari
498 3635 637 3699 Corineus
649 3635 745 3718 jubet,
762 3639 795 3697 ut
807 3636 913 3716 probet
927 3633 993 3715 ejus

196 3755 281 3817 Vires
295 3757 443 3819 luctando.
485 3757 614 3820 Mirabile
628 3760 766 3836 provocat
779 3755 842 3837 ipse

197 3877 244 3940 nd
256 3879 361 3940 luctam
376 3883 550 3955 monstrum3
566 3879 642 3940 lucta
657 3882 799 3940 certamen
815 3883 937 3958 uterque

198 3997 285 4060 Latus
300 3997 375 4075 adit3
391 3999 467 4061 naeti
482 4003 588 4062 certam
603 3998 777 4074 certaminis,
794 4002 899 4076 astant,

197 4118 270 4180 Hine
284 4118 355 4202 dux,
369 4119 436 4183 inde
449 4139 552 4203 gygas.
597 4119 743 4183 collidunt
757 4123 876 4201 pectore
890 4127 1004 4203 peetus,

1040 4243 1055 4288 2

1179 4139 1225 4188 190
