3206 5134
377 470 419 534 aa
655 492 763 540 orara
782 493 899 544 raons
920 499 1132 551 urrsaunru.

380 603 415 664 Et
426 599 529 680 regina
541 599 626 664 simui
639 621 761 684 puerum
775 605 863 686 parit,
879 607 1103 695 impositumque

378 720 429 782 Est
442 719 483 782 iili
496 740 599 784 nomen
612 723 727 802 Madau,
741 732 890 808 materque
904 729 1066 797 docendum

378 841 480 904 Tradit
494 861 559 904 eum
574 843 709 907 Coriueo.
753 847 895 912 Processu
908 856 1047 935 temporis
1061 857 1126 940 ipse

378 960 666 1025 DeccditCorineus.
709 966 848 1030 Lucrinus
864 969 1099 1040 Guendoioonam

378 1082 503 1160 Deserit,
519 1083 673 1146 Estrildem
686 1085 786 1166 regine
800 1091 924 1174 precipit
938 1095 978 1156 uti

376 1201 498 1264 Nomine
510 1221 598 1282 reque
612 1203 706 1266 simul.
750 1206 931 1293 Indigna[n]s
946 1211 1154 1284 Guendoloena

377 1321 472 1384 Patris
485 1321 545 1384 adit
557 1321 691 1404 patriam,
706 1327 805 1407 populi
819 1330 939 1394 collecta
951 1337 1065 1416 paterni

377 1440 499 1522 Agmina
513 1441 629 1504 deducit
642 1442 670 1504 iu
684 1463 806 1524 reguum
820 1449 964 1531 conjugis.
1007 1455 1056 1518 lile

378 1560 485 1624 Obviat
498 1561 595 1636 uxori3
612 1561 664 1624 sed
679 1563 726 1626 teli
741 1565 858 1628 vulnere
872 1568 960 1648 lesus,

378 1680 503 1744 Occidit.
545 1681 617 1744 Hinc
630 1683 713 1763 regui
726 1703 848 1766 regnum
861 1691 961 1770 regina
974 1699 1133 1776 regendum

377 1801 515 1882 Suscipit.
557 1801 703 1866 Estrildim
718 1811 880 1888 correptam
893 1813 1058 1896 precipitari

376 1921 407 1982 ln
422 1919 539 1982 durium
553 1939 618 1982 cum
632 1923 712 2003 prote
729 1943 782 1986 sua
795 1926 875 1990 facit.
918 1931 989 1994 Inde
1003 1943 1126 2001 novatur

374 2041 487 2105 Nomen
500 2061 575 2122 aque
588 2061 645 2122 que
658 2043 746 2108 Stura
758 2047 851 2128 prius,
866 2071 942 2114 nunc
956 2053 1061 2119 dicitur
1075 2059 1206 2140 Habren3

374 2163 428 2226 Ast
441 2161 496 2224 alia
508 2161 607 2243 lingua
619 2163 724 2228 durius
737 2167 861 2232 Sabrina
874 2177 1002 2236 vocatur.

415 2283 486 2346 Post
498 2287 619 2347 mortem
631 2285 720 2366 regis,
735 2289 866 2368 regnavit
881 2293 1007 2374 quinque
1021 2301 1066 2360 ter
1079 2301 1162 2365 annis

376 2403 597 2482 Gueudoloeua;
614 2405 714 2468 decem
727 2409 866 2472 Locrinus
879 2420 994 2478 rexerat
1007 2423 1084 2481 aute.

375 2525 458 2588 Tunc
471 2529 548 2588 etate
561 2525 661 2590 videns
676 2528 782 2592 Madau
795 2551 848 2593 sua
861 2538 952 2596 mater
965 2537 1112 2618 adactum,

375 2646 484 2726 Sponte
498 2646 606 2709 resinat
618 2648 700 2728 regui
714 2649 908 2730 moderamen,
925 2675 1048 2738 eumque

375 2766 493 2847 insignit
505 2767 583 2847 regis
598 2767 782 2850 dyademate.
824 2771 902 2834 Vera
915 2777 1071 2857 prophetat

375 2889 406 2949 lu
420 2887 491 2968 Sylo
506 2887 632 2964 Samuel,
648 2887 834 2972 mirandaque
848 2891 932 2973 fingit
945 2897 1096 2963 Homerus.

372 3007 570 3072 Membricium
583 3009 747 3092 Malquue
759 3030 812 3074 sua
826 3011 863 3074 de
876 3015 1001 3098 conjuge
1014 3021 1118 3084 Medon
1223 3097 1226 3108 ¹

372 3129 511 3212 Suscipit.
554 3129 630 3193 luter
644 3151 694 3195 eos
708 3133 811 3212 oritur,
826 3139 894 3216 post
906 3137 1006 3202 funera
1020 3143 1122 3223 patris,

371 3251 483 3314 Scisma
496 3270 584 3333 super
595 3269 702 3332 regum
718 3254 846 3318 fraterna
859 3257 979 3339 cuspide
992 3261 1074 3324 Malis

374 3371 488 3438 Occidit
502 3372 624 3436 occisus.
667 3375 707 3436 Se
720 3377 813 3440 solum
826 3377 935 3458 gaudet
948 3381 1055 3446 habere

371 3493 555 3560 Membricius
568 3513 700 3575 reguum,
714 3501 851 3579 tantaque
864 3504 1019 3583 tyrannide
1033 3505 1137 3571 ductus

372 3615 404 3678 lu
419 3614 475 3677 sibi
489 3616 636 3697 subjectos
651 3617 806 3706 baechatur
819 3622 984 3702 nobiliores,

372 3735 512 3816 Quosque
525 3737 584 3799 iere
598 3737 728 3819 perimit;
743 3741 875 3820 cognatis
885 3743 1053 3825 insidiatum

370 3857 540 3939 Progeniem
554 3858 651 3920 delere
664 3879 745 3924 suam
761 3867 892 3940 conatur,
908 3870 938 3927 et
952 3885 1050 3930 omnes

372 3979 432 4054 Qui
445 3979 552 4044 debent
564 3979 606 4045 ilii
619 3983 776 4046 succedere
791 3985 853 4048 vive
867 3985 970 4048 dolove

368 4100 528 4184 Opprimit;
546 4121 664 4166 uxorem
677 4102 714 4168 de
729 4123 787 4185 qua
800 4111 968 4189 susceperat
979 4108 1043 4189 ipse
