3226 5168
364 526 403 587 96
643 539 748 585 cesar
769 539 882 585 renna
904 539 1117 587 eructante.

364 655 494 732 Regnum
509 651 555 714 cui
570 669 650 712 mens
665 656 710 712 cst
723 653 872 732 acquirere
886 651 946 714 sive
960 651 1045 713 tueri.

363 775 463 837 llutua
476 772 600 856 dampna
615 772 659 836 sui
672 773 781 856 patitur
794 793 863 856 pers
878 778 1000 854 utraque
1013 773 1133 855 passim,
1330 786 1392 842 soto

364 895 496 980 Cesaque
511 895 555 958 rel
569 895 675 958 cedens
689 914 757 977 pars
772 894 864 956 omnis
879 893 983 956 cedere
997 893 1062 957 cedi

365 1018 464 1099 Turpe
477 1020 572 1098 putat,
589 1014 710 1096 cedique
724 1014 892 1096 priusquam
907 1013 1011 1078 cedere
1026 1014 1144 1095 gaudet.

363 1139 424 1202 ltex
438 1137 507 1201 t'acit
519 1157 588 1200 ense
604 1137 690 1215 viam,
705 1137 808 1198 sortem
821 1135 993 1198 fortissimus
1007 1134 1099 1197 Eldon

365 1259 479 1341 impetit
491 1257 658 1338 Engistum3
675 1257 758 1340 parili
771 1257 877 1320 virtute
889 1257 999 1320 resistit

365 1381 431 1442 Dux
445 1379 582 1461 Engistns
596 1379 622 1442 ei
639 1402 645 1441 :
663 1380 728 1462 quis
741 1398 839 1442 eorum
855 1379 961 1442 lorcior
973 1383 1023 1442 aut
1036 1379 1101 1460 quis

365 1501 409 1563 Sit
423 1501 516 1584 major
530 1499 648 1564 dubium
661 1506 716 1564 est.
760 1501 886 1565 Crebros
900 1501 971 1564 dant
984 1501 1101 1566 ensibus
1116 1500 1201 1577 ictus,

366 1621 597 1704 compulsusque
611 1641 730 1703 grnrcs3
747 1621 800 1684 sed
813 1625 893 1684 stans
906 1621 1041 1685 immotus
1054 1626 1188 1702 uterque,

366 1743 439 1805 Cum
453 1762 523 1826 pare
536 1763 590 1826 par
604 1747 731 1821 constet;
746 1742 800 1807 sed
814 1742 909 1806 adhuc
921 1762 979 1806 non
993 1749 1038 1806 est
1051 1745 1125 1806 bene
1140 1749 1219 1805 certe

368 1864 443 1936 Quis
457 1864 541 1927 cedat
555 1866 599 1928 vel
614 1865 679 1946 quis
695 1864 825 1928 excedat.
868 1863 1011 1927 Permiccl
1024 1864 1099 1945 ignis

365 1985 407 2046 Ex
421 1985 556 2048 collisura
569 1985 741 2067 gladiorum.
786 1985 914 2061 Pallade,
929 1985 1061 2061 Mentem,

367 2104 439 2168 Cum
451 2105 467 2168 J
471 2125 563 2168 unone
576 2106 686 2181 levem,
702 2105 859 2168 Saturnum
873 2103 1103 2186 Mercuriumque

367 2225 484 2288 Invocat
496 2225 649 2307 Engistus3
666 2225 783 2290 Christo
797 2245 830 2288 se
844 2225 965 2308 deputat
979 2224 1086 2302 Eldon3

366 2345 425 2408 Sed
439 2365 533 2426 neque
547 2344 679 2409 Christus
693 2345 789 2409 adhuc
802 2346 861 2428 isti,
879 2367 931 2409 nec
946 2351 1023 2409 muta
1037 2348 1184 2430 triumpha

366 2465 446 2528 ldola
459 2465 530 2528 dant
542 2464 593 2528 illi.
636 2466 732 2529 Dubio
747 2466 864 2530 victoria
878 2468 996 2550 pendet,

366 2587 468 2648 Donec
483 2586 626 2650 Cornnbie
641 2587 701 2650 dux
715 2607 746 2650 se
761 2587 913 2652 Gorlosins
926 2589 1001 2650 illam

367 2706 527 2770 Transtulit
540 2707 579 2770 ad
592 2713 715 2790 partem,
733 2709 857 2792 stipatus
872 2710 960 2772 milite
974 2710 1074 2771 multo.

368 2826 435 2898 Quo
451 2827 525 2904 viso,
541 2828 633 2892 virtus
646 2828 764 2891 Eldonis
778 2829 890 2906 crescit,
907 2834 936 2890 et
950 2829 1045 2911 ipsum

368 2948 519 3011 Abstrahit
532 2949 693 3030 lingulam,
709 2947 811 3011 dextre
825 2951 922 3012 nasale
936 2969 1093 3032 capescens

368 3065 497 3130 Cassidis
509 3068 612 3151 ipsius,
627 3068 791 3150 rictumque
808 3089 861 3151 per
875 3069 990 3150 agmina
1004 3069 1095 3132 ducit.

367 3188 496 3252 Saxones
510 3189 661 3270 Engistnm
673 3189 800 3253 vinctum
815 3195 988 3272 captamque
1003 3191 1142 3266 videntes,
1334 3213 1395 3260 seso

367 3308 490 3371 Attoniti
504 3309 634 3390 lugiunt3
650 3310 793 3390 fugientes
808 3311 1021 3373 Armoricornm

369 3431 480 3508 rigmen
495 3435 629 3510 equestre
643 3449 768 3511 sequens
781 3449 838 3493 non
853 3437 947 3493 cessat
960 3437 1099 3508 sternere,
1116 3431 1207 3494 donec

369 3549 485 3611 Aurelio
500 3549 576 3611 cedit
589 3550 717 3612 victoria.
760 3549 861 3614 Victor
875 3551 913 3613 ad
927 3553 1027 3613 urbem

370 3667 480 3731 Conani
494 3668 597 3746 tendit,
614 3675 643 3732 et
657 3687 719 3732 eam
734 3669 823 3751 capit.
867 3670 940 3733 ilinc
954 3672 1071 3754 sepeliri

368 3789 497 3870 Preeipit
510 3789 632 3866 occisos,
648 3789 744 3852 curari
756 3792 886 3867 vulnera,
902 3792 978 3854 lesse

369 3909 498 3972 Membra
511 3909 607 3990 quiete
621 3909 689 3987 frui,
706 3910 831 3974 discerni
845 3911 909 3990 quis
924 3911 1068 3975 cruciatus

368 4027 518 4108 Engistum
532 4034 661 4106 maneat;
678 4025 742 4092 curn
757 4032 799 4092 sic
813 4031 857 4092 vir
870 4031 1036 4112 religiosus,

368 4145 485 4212 Eldonis
499 4149 598 4225 trater,
614 4149 731 4212 Eldonis
744 4150 909 4231 episcopus,
926 4151 1018 4232 inquit
1033 4174 1039 4212 :
