3206 5134
355 521 393 583 51
626 535 733 581 eren
754 535 869 580 aanor
890 535 1104 584 sarrianis.

354 648 482 729 Angelus
496 645 610 722 interni,
627 645 760 727 quoniam
775 645 816 706 nil
829 645 937 708 invenit
949 645 1006 708 iilic

352 768 464 831 Mortuli
479 767 580 844 simite,
596 767 635 830 uit
649 765 728 848 qnod
741 787 926 849 corrumpere
940 767 1042 849 possit.

354 889 422 960 Quo
436 885 567 950 veniente
580 887 658 949 venit
670 886 822 968 completio
836 887 976 969 temporis
993 909 999 948 :
1016 888 1062 950 hic
1076 895 1121 951 est

353 1013 477 1074 Sanctus
491 1015 666 1085 sanctorum,
681 1027 782 1088 regum
797 1009 869 1072 Rex.
911 1009 1014 1072 Unctio
1028 1016 1121 1073 cessat

352 1131 425 1214 Ejus
439 1131 467 1195 in
482 1129 647 1205 adventum,
663 1147 748 1210 quem
766 1130 889 1192 Sanctus
903 1130 1029 1212 Spiritus
1044 1131 1135 1194 unxit.

354 1251 407 1316 Hic
422 1257 467 1315 est
479 1251 601 1315 Messias
615 1269 699 1331 quern
715 1249 866 1332 predixere
880 1251 1032 1332 prophete,

353 1375 403 1436 Sol
417 1374 472 1437 sub
486 1373 561 1435 nube
577 1372 679 1448 latens,
696 1371 810 1453 eclipsis
824 1371 950 1448 nescius,
967 1377 996 1433 et
1009 1373 1057 1435 lux

353 1499 384 1560 ln
399 1495 525 1559 tenebris
537 1495 649 1570 lucens,
664 1493 751 1556 nullis
766 1495 889 1556 obseura
902 1493 1029 1570 latebris,

355 1619 432 1700 ignis
447 1637 503 1680 non
516 1634 614 1692 urens,
631 1615 763 1696 ignisque
776 1613 805 1676 in
821 1619 904 1676 nocte
919 1616 1081 1698 columpna.

354 1739 408 1802 Hic
422 1757 507 1802 verus
519 1739 637 1820 Moyses
649 1737 726 1798 sicco
741 1737 816 1820 pede
829 1755 884 1818 per
896 1737 975 1800 Mare
988 1739 1117 1802 Rubrum

354 1859 445 1922 Duxit
458 1859 522 1936 iter,
538 1859 656 1921 subiens
670 1857 765 1920 crucis
780 1877 859 1919 aram
873 1859 1014 1939 sanguine
1026 1861 1102 1922 tuso.

353 1982 509 2046 Jordanem
522 1979 633 2063 primns
646 1981 763 2062 Moyses
776 1999 833 2042 uon
846 1980 976 2058 transiit;
993 1981 1047 2043 iste

355 2103 388 2166 in
400 2099 535 2164 iordanis
549 2119 624 2180 aqua
637 2104 767 2162 nostrum
781 2100 875 2162 scelus
890 2100 991 2163 abluit.
1036 2103 1084 2163 tile

353 2222 500 2304 Egyptum
514 2221 622 2303 populo
636 2219 752 2282 Domini
767 2220 915 2301 spoliavit3
932 2226 962 2282 at
975 2221 1041 2297 iste,

355 2344 499 2407 Internum
514 2344 680 2423 penetrans,
696 2339 800 2402 interni
815 2341 913 2404 federa
926 2342 1017 2424 rupit.

356 2465 406 2527 tile
419 2459 475 2525 Dei
488 2479 589 2524 servos
603 2460 641 2523 ad
654 2465 761 2523 terram
775 2461 858 2524 mette
871 2461 1006 2524 fluentem

355 2585 471 2649 Docere
485 2602 542 2647 nou
556 2581 662 2666 potuit,
677 2586 833 2664 preventus
848 2587 955 2660 morte;
972 2583 1071 2646 fideles

357 2709 415 2771 Iste
429 2727 499 2770 suos
513 2705 595 2768 duxit
609 2723 717 2781 secum,
733 2705 857 2786 fecitque
869 2706 1009 2788 perhenni

357 2833 434 2894 Pace
447 2829 516 2905 frui,
531 2828 689 2907 faciemque
702 2827 758 2888 Dei
771 2828 834 2889 sine
850 2827 906 2890 fine
920 2828 1028 2891 ridere.

398 2953 436 3014 nt
449 2949 592 3033 Kybeiino
605 2949 703 3010 lustris
716 2953 856 3029 regnante
869 2949 995 3026 duobus,

357 3073 453 3136 Insula
466 3070 572 3132 divitiis
586 3075 616 3132 et
628 3071 710 3150 larga
722 3087 795 3150 pace
808 3071 939 3132 resultat.

356 3195 477 3275 Jamque
491 3192 565 3255 duos
575 3191 700 3274 juvenes
714 3197 877 3274 generarat,
892 3192 1007 3256 nomina
1021 3213 1143 3274 quorum

360 3313 471 3378 Guider
485 3317 514 3375 et
527 3311 695 3393 Aruiragus.
739 3311 860 3388 Guider‚
877 3317 945 3395 post
957 3315 1058 3376 iuuere
1070 3315 1172 3397 patris,

358 3437 452 3500 Frena
463 3433 540 3516 regit
552 3434 636 3516 regni
648 3433 753 3516 rigide,
768 3435 958 3517 prohibetque
971 3436 1111 3500 tributum

358 3556 452 3621 Reddi
465 3554 611 3619 Romanis.
654 3554 810 3618 Confestim
825 3555 965 3620 Claudius
978 3555 1046 3620 illue

362 3678 453 3743 Cesar
467 3679 546 3742 ducit
559 3681 624 3758 iter,
640 3699 705 3742 curu
719 3693 776 3758 quo
790 3678 867 3741 venit
878 3679 1002 3762 impiger
1016 3683 1117 3759 Homo,

359 3800 465 3864 Miticie
479 3799 626 3884 princeps,
641 3800 774 3864 Britones
787 3819 889 3863 vexare
903 3803 1007 3884 parati.

361 3922 476 3988 Cesaris
490 3923 644 3987 adrentum
658 3923 734 3985 fama
746 3925 900 4000 referente,
917 3924 1072 3988 Britannos

359 4045 449 4108 Ducit
461 4045 489 4108 iu
503 4064 654 4109 occursum
669 4046 815 4109 Lutiorum
831 4045 952 4124 Guider‚
968 4066 1075 4128 eosque

362 4168 504 4230 Strenuus
517 4166 636 4231 invadit.
679 4169 739 4230 Rex
753 4168 832 4230 solus
846 4170 964 4231 vulnera
979 4169 1063 4251 ptura
