3226 5168
358 505 413 566 116
633 505 739 568 c'esnr
760 522 873 567 nscnu
896 523 1106 568 narrrnnrn.

355 634 412 692 rint
424 630 465 694 illi
479 629 555 712 parti
570 631 698 707 victoria,
714 631 845 694 concitus
860 631 902 694 ira

353 751 476 833 {mpiger
490 753 612 814 Arturus
627 752 774 815 obstantes
788 753 880 814 fertur
894 751 924 814 in
938 751 1049 814 hostes.

351 874 390 936 Ut
401 871 447 933 leo
462 891 545 952 quem
559 871 706 935 stimulant
715 871 832 954 jejunia
845 871 954 934 ventris
966 871 1060 934 inanis

351 994 381 1055 ln
395 992 522 1075 pecudes
534 993 637 1070 fertur,
652 991 812 1071 sternitque
826 995 855 1054 et
869 991 969 1073 diripit
981 991 1058 1068 illas,

349 1115 375 1176 N
377 1133 410 1176 ec
422 1112 520 1176 stratis
533 1112 636 1175 sedare
649 1113 762 1189 tamem,
778 1112 832 1174 sed
845 1116 976 1174 sternere
991 1117 1083 1188 curat,

350 1235 427 1297 Dum
441 1253 512 1314 quas
526 1237 603 1296 stare
615 1231 706 1308 videt,
722 1233 763 1294 sic
776 1233 863 1295 heros
877 1233 999 1296 marcius
1013 1234 1113 1295 hostes

350 1354 464 1437 Impetit
477 1365 506 1416 et
519 1353 623 1416 sternit
636 1357 666 1414 et
679 1352 817 1434 dissipat3
834 1351 872 1415 ad
885 1351 966 1432 Stign
980 1353 1057 1415 solus

350 1476 531 1557 Quingentos
545 1475 641 1538 mittit.
685 1475 824 1556 Campum
839 1474 1009 1538 Cheldricns
1024 1481 1053 1536 et
1066 1475 1131 1557 ejus
1316 1498 1377 1546 3333

349 1596 473 1677 Agmina
486 1595 656 1671 destituunt,
672 1595 783 1676 potitur
796 1614 847 1658 333
861 1594 958 1657 landis
972 1595 1092 1658 honore.

389 1717 458 1780 Inde
472 1715 580 1793 Cador,
596 1716 655 1778 dnn
669 1714 824 1792 cornubie,
840 1715 969 1795 sequitur
984 1715 1127 1795 fugientes

347 1839 486 1914 Saxones,
502 1842 532 1898 et
546 1856 633 1900 naves
648 1835 761 1898 iliorum
775 1841 896 1918 perpete
911 1855 1000 1898 cursu

349 1959 507 2042 Anticipet,
522 1959 692 2039 reditusque
706 1959 751 2022 sni
764 1977 847 2041 spem
861 1958 985 2040 subripit
999 1957 1070 2032 illis余

347 2081 421 2142 Nam
433 2101 485 2144 rex
498 2080 596 2142 andito
612 2081 715 2142 Scotos
729 2079 881 2160 Pictosque
896 2085 1029 2161 nepotem

350 2200 508 2264 Obsedisse
522 2220 617 2278 snum,
633 2200 727 2262 valido
741 2201 880 2280 languore
894 2205 1056 2280 gavatum,

347 2320 455 2383 Tendit
468 2341 514 2399 eo,
531 2321 654 2383 neforto
668 2321 729 2382 iero
744 2321 875 2402 capiatur
888 2321 924 2382 ab
938 2321 1032 2383 hoste.

347 2440 476 2503 Navibus
490 2459 560 2520 ergo
576 2440 674 2505 Cador
687 2441 780 2523 captis
795 2460 848 2503 sua
862 2440 942 2502 ducit
957 2440 985 2503 in
998 2441 1097 2504 hostes

348 2562 484 2642 Agmina3
501 2562 576 2624 bella
588 2565 694 2642 gerunt
707 2561 774 2624 hinc
788 2562 929 2635 Saxones,
945 2561 1023 2623 idem
1037 2561 1181 2624 Britanni.

348 2682 428 2754 Quot
442 2683 518 2745 ferro
533 2681 662 2746 cecidere
676 2682 740 2758 riri,
757 2681 929 2744 concludere
943 2687 1021 2744 certo
1315 2706 1375 2753 3333

345 2803 467 2865 Difficile
480 2808 524 2866 est
538 2823 667 2866 numero.
711 2803 842 2865 Tandem
856 2801 907 2864 dat
921 2807 1003 2882 terga
1017 2801 1153 2883 pudende

347 2923 425 2987 Gens
439 2923 558 3004 perjura
572 2924 655 3003 fnge余
671 2923 796 3002 fugiens,
813 2927 925 2985 terreve
939 2943 1078 2986 cavernas

346 3046 405 3104 dut
418 3061 564 3104 nemorum
578 3043 703 3103 latebras
718 3041 820 3121 querit.
863 3043 960 3104 Manet
974 3043 1068 3104 insula
1082 3062 1187 3123 magno

346 3163 462 3225 Eminus
478 3163 629 3236 Occeano余
646 3181 677 3224 se
691 3163 745 3224 tert
761 3161 948 3224 Germanicus
964 3162 1030 3224 illuc

347 3284 406 3356 Qui
419 3287 553 3366 superest
565 3281 667 3344 hostis.
710 3281 806 3345 Cador
820 3283 943 3360 hostem,
958 3283 1066 3346 torcios
1078 3284 1171 3360 hoste,

347 3403 520 3484 Insequitur.
564 3401 733 3467 Cheldricns
748 3402 808 3464 obit
819 3402 979 3484 perimente
993 3403 1122 3479 Cadere余

346 3524 413 3596 Quo
428 3543 505 3600 ceso,
521 3522 625 3602 reliqui
640 3526 782 3602 coguntur
795 3521 951 3584 dedicioni.

344 3645 413 3707 lnde
428 3645 523 3708 Cador
537 3643 668 3724 sequitur
682 3647 829 3719 Arturum,
846 3643 894 3723 qui
908 3643 969 3706 vice
983 3664 1067 3708 versa

344 3763 440 3827 Pictos
455 3769 484 3826 et
497 3765 600 3826 Scotos
614 3763 740 3825 inclusos
755 3762 868 3825 obsidet
881 3764 965 3826 inira.

343 3883 478 3946 Limonos
492 3887 683 3964 stagnumque
697 3884 795 3964 plures
809 3869 936 3945 continet
948 3884 977 3944 in
992 3904 1024 3947 33

342 4005 496 4081 Insululas,
511 4003 561 4066 ubi
576 4002 725 4066 nidificant
738 4003 843 4084 aquile,
859 4009 888 4065 et
901 4004 1027 4084 regionis

342 4125 489 4189 Excidium
503 4124 662 4188 horrisonis
676 4125 831 4207 predicunt
844 4125 961 4190 vocibus
980 4147 986 4186 :
1004 4127 1059 4189 iilic
