3206 5134
362 486 381 550 8
639 499 747 546 unsri
767 499 883 546 secur
904 500 1115 548 nrrrnrrre.

401 610 529 693 Majores
544 612 614 672 nutu
627 607 686 672 dux
699 615 849 686 convocet,
861 614 890 670 ei
904 609 974 690 quid
987 611 1131 691 egendum

362 732 407 794 Sit
420 729 457 791 de
471 747 541 810 rege
554 733 649 809 roget.
692 729 763 792 Pers
777 733 890 808 estque
901 729 1107 811 judicaturum

360 851 432 914 Fsse
444 868 526 912 reum
540 848 656 924 mortis3
673 847 742 910 dicit
755 867 822 930 pers
836 849 927 910 altere
943 870 950 910 :
966 849 981 874 ³*
992 851 1106 914 Periem

362 971 455 1052 Regni
468 991 519 1034 rex
531 971 657 1050 aliquem
670 969 753 1032 nobis
767 969 897 1050 assignet
909 971 1101 1036 habendum.”

363 1090 463 1153 Tertia
474 1109 542 1172 pers
556 1093 655 1152 censet
668 1089 760 1170 magis
775 1089 844 1152 utile
859 1109 946 1172 posse
960 1094 1068 1155 reverti

362 1212 395 1273 in
408 1209 548 1292 petriam
564 1227 666 1271 causes
681 1227 750 1290 pers
763 1209 872 1272 invenit
884 1210 976 1274 omnis
989 1212 1136 1275 honestus.

362 1329 492 1392 Diversis
506 1329 619 1392 diverse
632 1329 757 1410 placent,
772 1347 837 1391 curn
851 1329 955 1392 nobilis
968 1334 1045 1393 estut

362 1449 557 1526 Membricius,
574 1447 716 1529 sociisque
730 1449 791 1512 suis
805 1448 1003 1513 dubitantibus
1017 1451 1110 1532 inquii
1126 1475 1132 1514 :

360 1569 465 1643 “Quis
480 1574 618 1645 restrum,
633 1568 687 1632 nisi
702 1568 806 1632 meniis
819 1569 914 1652 inops,
930 1570 1074 1636 habitaret
1086 1574 1116 1636 in
1129 1593 1187 1636 uno

363 1693 463 1771 Regno
478 1709 543 1752 curn
558 1689 680 1753 Grecis?
720 1690 806 1752 Nullo
820 1690 979 1754 morientur
992 1691 1022 1754 in
1037 1712 1089 1754 evo

364 1813 504 1874 Hesterno
519 1810 611 1872 noctis
625 1809 764 1892 preconia
776 1809 870 1872 tristia
885 1809 997 1887 Grecis,

365 1931 469 1994 Dulcia
482 1931 634 2012 Trojenis;
651 1951 686 1992 ex
699 1931 755 1993 hoc
769 1931 916 1993 contentio
931 1937 1032 2012 surget

365 2052 510 2115 internos
524 2055 553 2114 ct
566 2069 627 2126 eos,
642 2069 696 2113 nec
709 2051 751 2112 eis
765 2051 906 2114 obsistere
918 2053 1015 2115 multis

365 2169 529 2235 Sufficimus
542 2169 640 2253 penei.
683 2170 831 2242 Qucciens
842 2171 1005 2234 miserenda
1018 2193 1137 2238 snorum

366 2287 438 2357 Fcis
450 2295 566 2375 petrum
578 2289 717 2367 recolent,
732 2290 842 2354 tociens
855 2293 950 2356 sevire
963 2296 1108 2376 parebunt

368 2419 400 2481 ln
414 2413 469 2478 sibi
482 2416 645 2496 suspectam
660 2412 803 2488 sobolem;
820 2433 874 2476 nec
888 2413 954 2477 finis
968 2435 1067 2478 eorum

367 2533 491 2601 Rencori
507 2532 634 2609 debitur,
651 2531 744 2595 donec
757 2533 886 2614 plenarie
898 2533 950 2598 fier

366 2655 448 2720 Ulcio
463 2653 500 2716 de
513 2652 632 2728 nostris,
648 2656 678 2714 ei
690 2652 776 2716 cedes
789 2653 860 2716 cede
874 2655 981 2718 luetur.

408 2775 424 2801 “
435 2774 540 2837 Senius
554 2777 600 2835 esi
612 2772 701 2852 igitur
715 2772 794 2854 quod
807 2775 903 2857 major
916 2775 975 2838 filie
988 2775 1067 2856 regis

369 2898 527 2974 Innogentn
540 2892 607 2956 duci
621 2892 747 2976 conjunx
762 2913 861 2974 erege
874 2900 999 2976 petetur.

370 3016 506 3081 Conferet
518 3019 669 3094 argentum
682 3012 777 3091 nobis,
789 3018 819 3076 ei
830 3016 960 3078 conseret
972 3035 1075 3079 surum

369 3138 593 3214 Innumerasque
605 3136 684 3195 retes
698 3137 728 3196 ei
741 3138 837 3196 cetere
850 3152 980 3214 congrue
993 3136 1093 3211 classi3

369 3253 439 3316 inde
452 3252 620 3316 manuforti
632 3256 738 3314 terrem
752 3272 908 3333 queremus
922 3253 1113 3317 habendem.''

371 3372 513 3438 Omnibus
526 3371 582 3434 iste
595 3371 690 3454 piacet
703 3373 855 3435 sententie.
898 3373 1064 3437 Pendresus
1078 3375 1155 3439 illam

369 3493 532 3575 Approbai.
576 3493 735 3572 Inuogenie
749 3491 817 3556 duci
831 3493 999 3556 conceditur
1013 3515 1101 3572 uxor3

369 3613 465 3675 Neres
480 3616 651 3674 tercentum
666 3611 786 3692 vinginti
801 3617 935 3693 quatuor,
952 3633 1035 3691 suro,

370 3734 510 3812 Argento,
526 3722 604 3809 rinc,
621 3733 718 3810 farris,
734 3733 898 3814 speciebus,
912 3735 1035 3796 bouuste

370 3853 577 3914 Presenicniur
591 3851 643 3928 eis,
660 3855 689 3914 ei
702 3856 798 3914 cetera
810 3853 961 3916 commode
973 3853 1080 3916 nautis.

371 3971 512 4034 Omnibus
526 3970 729 4054 hiissnmptis,
744 3993 795 4035 rex
809 3977 854 4036 esi
867 3993 885 4036 a
898 3993 1013 4036 cercere
1025 3973 1099 4038 liber

371 4093 540 4159 Ascendunt
554 4112 641 4158 neres
655 4097 684 4156 ei
697 4093 768 4160 dent
782 4113 835 4157 sue
847 4093 935 4158 lintea
947 4093 1051 4158 veniis.
