3226 5168
345 512 400 575 118
619 527 725 572 asera
747 528 859 572 naoou
880 528 1088 575 sarrianis.

343 642 473 719 Longum
487 639 552 720 ejus
566 638 623 700 loto
640 658 647 698 ε
664 636 765 718 viginti
778 641 891 700 constat
904 642 1057 720 utrumque

341 761 412 822 Esse
426 759 548 842 pednm;
564 759 616 822 sed
634 759 759 840 quinque
772 759 879 841 pedum
892 777 950 822 non
964 761 1088 844 amplius
1102 763 1191 826 altum
1204 767 1258 824 est.

341 879 439 942 Pisces
453 878 482 940 in
496 883 599 960 stagno
613 897 751 960 generum
764 883 832 941 sunt
845 883 968 960 quatuor
980 880 1040 959 illo,

342 1001 436 1062 Unum
450 999 586 1080 quodque
600 998 656 1060 sibi
670 1003 781 1081 partem
795 1003 874 1062 tenet
887 1001 1115 1082 appropriatam.

341 1121 403 1182 Neo
415 1124 519 1182 metam
534 1117 676 1181 excedens
689 1117 769 1181 istud
781 1134 874 1198 genus
888 1117 997 1182 invidet
1009 1120 1064 1196 illi;

342 1242 402 1306 Sed
415 1245 580 1305 contentum
594 1245 672 1303 sorte
685 1259 749 1317 sua,
766 1259 851 1322 quam
864 1241 929 1320 lege
942 1243 1080 1322 perhenni

341 1363 434 1426 Mater
447 1360 473 1422 ei
487 1361 599 1422 Natura
612 1359 703 1438 dedit,
720 1381 778 1423 non
793 1381 825 1422 se
839 1361 915 1441 gerit
928 1363 1013 1424 [altra.

341 1483 394 1543 Est
407 1479 485 1542 alind
498 1483 632 1560 stagnum
647 1477 737 1560 ωαςίε
751 1479 807 1542 hiis
821 1479 959 1556 mirabile,
971 1481 1057 1564 juxta
1308 1505 1369 1552 arao

342 1600 497 1664 Sabrinam
510 1600 596 1676 litus;
613 1599 681 1681 quia
694 1619 759 1662 cum
775 1619 854 1662 mare
867 1599 987 1664 fluctuat
1000 1601 1029 1664 in
1044 1621 1086 1678 se,

343 1723 431 1784 Abdit
444 1741 534 1802 aquas
548 1721 644 1804 pelagi
659 1722 739 1784 velut
752 1721 890 1785 insaciata
902 1740 1023 1802 vorago.

343 1845 416 1907 Cum
431 1862 508 1905 mare
522 1862 554 1904 se
567 1843 698 1919 retrahit,
713 1843 801 1906 vomit
815 1844 909 1906 undas
923 1844 1029 1907 montis
1043 1845 1194 1910 adinstar.

341 1964 373 2026 Si
387 1983 471 2025 versa
483 1961 557 2024 secie
570 1962 666 2044 stagni
680 1963 745 2043 quis
758 1962 917 2045 prospiciet
930 1963 1047 2040 undam,

341 2086 418 2146 Dum
432 2083 474 2147 sio
488 2083 587 2146 ebullit
599 2083 771 2164 modicaque
784 2083 938 2164 aspergine
951 2084 1054 2146 stantis

342 2207 450 2266 lrrorat
462 2209 568 2281 vestes,
585 2207 708 2267 stanmm
722 2203 795 2286 petit
808 2202 934 2284 impetus
948 2203 1037 2280 unde,

342 2327 401 2387 Aut
416 2324 463 2386 vis
476 2329 528 2386 aut
540 2341 684 2404 uunquam
698 2323 754 2385 vim
769 2323 873 2386 fluctus
886 2323 1000 2386 vincere
1013 2326 1122 2406 possit,

343 2443 402 2506 Sed
416 2463 500 2506 verso
515 2443 603 2506 dorso
619 2443 747 2506 cernenti
761 2463 818 2506 non
833 2448 919 2506 nocet
932 2445 1020 2506 unda.
1035 2444 1049 2470 ”

343 2562 413 2626 lude
427 2564 495 2626 data
509 2563 603 2627 Scotis
617 2562 701 2626 venia
715 2581 778 2626 oum
793 2564 878 2626 laude
891 2563 1040 2646 triumphi,

342 2684 404 2748 Rex
415 2682 494 2744 venit
508 2683 680 2760 Eboracum,
695 2683 780 2766 cujus
794 2702 859 2745 cum
874 2687 965 2745 strala
978 2684 1089 2748 videret

342 2802 438 2865 Meuia
451 2807 481 2863 et
493 2801 641 2878 ecclesias,
657 2802 796 2864 contritus
811 2803 900 2865 corde
913 2802 1008 2866 dolori

343 2922 486 2986 Condolet
499 2941 639 3003 oppresse
654 2927 684 2984 et
698 2921 815 2984 viduale
829 2922 941 2985 civibus
955 2923 1045 2998 urbis,

344 3041 581 3123 compatiturque
595 3041 669 3123 apici
682 3041 802 3123 proprio
815 3046 933 3124 pastore
947 3043 1070 3116 carenti;

343 3163 417 3223 Nam
430 3165 547 3222 sanetus
561 3161 716 3243 Sampson,
733 3161 769 3224 de
783 3161 853 3224 sede
866 3162 984 3241 sognies
998 3162 1109 3238 eadem,

344 3285 469 3362 Fugerat
481 3281 600 3344 hostiles
614 3281 727 3362 gladios
740 3285 936 3365 populumque
950 3283 1115 3346 Dolensom.

345 3405 481 3485 Exemplo
496 3405 642 3483 verboque
656 3403 742 3467 docet
754 3407 884 3486 prelatus
897 3403 1001 3467 eidem.

346 3527 406 3588 lica
419 3523 507 3604 igitur
520 3523 606 3587 vidue
620 3529 766 3606 pastorem
781 3525 915 3607 providet
928 3525 1004 3600 urbi,

345 3645 478 3707 Piramon
491 3643 632 3724 insignem
646 3645 767 3720 meritis,
783 3645 889 3706 virtute
903 3663 1064 3706 coruscum.

384 3765 458 3827 Ecce
473 3763 534 3827 dies
548 3764 636 3826 instat
649 3765 678 3827 in
693 3785 749 3844 qua
763 3764 799 3826 de
813 3765 923 3845 virgine
938 3765 1017 3827 nasci

345 3885 477 3950 Christus
492 3886 578 3948 homo
593 3885 697 3963 voluit;
715 3886 801 3969 cujus
816 3887 973 3966 sollempne
986 3885 1044 3948 diei

344 4008 405 4070 Rex
420 4007 616 4068 celebraturus
630 4007 745 4084 lesturn,
762 4009 867 4070 clerum
881 4025 1075 4088 proceresque

346 4127 491 4190 Convocat
504 4126 573 4204 huc,
590 4131 630 4205 et,
645 4145 725 4189 more
739 4147 791 4190 suo
805 4125 977 4208 dyademate
991 4131 1118 4208 sumpto,
