3206 5134
599 541 703 585 troes
723 541 884 586 seems,

225 650 403 732 Precipitant
415 651 502 713 saxis.
546 651 606 714 Sed
618 656 711 714 totum
726 652 840 716 Cosanis
854 654 898 715 ale

226 773 383 836 Circueunt
395 777 531 837 montem.
572 775 675 837 Nullus
689 779 769 856 patet
782 775 876 838 exitus
889 775 944 838 iilis
1010 847 1016 857 ,

226 894 361 970 Obessis;
377 895 452 956 tame
466 894 557 958 Cesar
570 913 621 956 cos
634 913 802 957 consumere
817 895 915 976 gestit.

226 1013 313 1086 Quod
327 1035 378 1077 rex
392 1014 555 1092 intendens,
572 1015 673 1078 scribit
687 1015 831 1096 mittitque
845 1018 944 1100 nepoti

225 1135 307 1197 Talia
319 1135 408 1198 verba
421 1155 475 1198 suo
490 1155 555 1198 cum
568 1138 743 1220 precedente
756 1139 847 1200 salute
862 1159 869 1198 ι

225 1253 242 1280 “
254 1256 328 1320 Care
341 1277 444 1338 nepos,
459 1256 595 1320 miserere
608 1258 677 1336 mei,
692 1259 828 1322 miserere
841 1264 972 1335 tuorum;

225 1379 314 1441 Parce
328 1384 378 1442 tne
392 1379 499 1462 patrie;
516 1380 585 1442 mihi
599 1382 645 1444 tec
662 1401 728 1444 cum
742 1381 850 1445 Cesure
864 1401 976 1463 pacem.

224 1499 285 1562 Nos
297 1501 371 1564 samo
388 1501 493 1563 devicti
508 1502 637 1564 submitti
651 1502 781 1582 cogimur
795 1502 883 1564 hosti.
898 1500 914 1526 ”

264 1623 449 1704 Androgeus,
467 1629 622 1706 postquam
635 1625 740 1706 regalis
754 1624 849 1686 littera
862 1625 936 1687 lecta
950 1628 1007 1703 est,

223 1744 274 1806 Sic
287 1745 328 1806 ait
345 1767 352 1807 :
369 1745 383 1771 ‘¹
395 1747 428 1808 In
442 1747 517 1808 bcilo
531 1747 636 1828 pietas,
652 1747 680 1809 in
694 1766 766 1830 puce
780 1747 925 1829 tyrannis,

224 1865 353 1946 Utraque
367 1867 511 1948 culpanda
524 1872 579 1928 est.
624 1867 718 1939 Quem
730 1871 820 1944 recte,
837 1867 953 1931 numius
967 1869 1032 1946 celi,

226 1985 331 2048 Omnia
344 1986 510 2069 disponitis!
554 1988 679 2050 Patruus
694 2007 774 2050 meus
789 2007 855 2051 cccc
869 1993 1005 2070 precatur

225 2105 320 2177 Quam
334 2107 404 2169 dare
417 2107 591 2190 contempsit
603 2108 717 2170 veniam
729 2108 811 2170 mihi.
855 2109 971 2172 Cesaris
983 2114 1047 2174 orat

223 2229 299 2290 Pace
313 2229 381 2306 frui,
398 2229 444 2312 cuj
449 2251 482 2292 us
494 2249 595 2313 pacem
610 2231 690 2313 prins
704 2231 768 2312 ipse
784 2232 907 2312 rogabat

224 2348 325 2412 Cesar.
367 2351 516 2414 Debuerat
529 2351 617 2432 igitur
629 2371 675 2414 me
688 2372 739 2414 rex
752 2351 888 2427 revereri,

225 2469 283 2541 Qui
297 2469 367 2533 dare
381 2475 465 2552 terga
476 2472 545 2552 inge
558 2472 661 2536 dextra
673 2473 791 2536 victrice
805 2472 889 2552 coegi

224 2591 365 2653 Cesareas
379 2591 465 2654 acics.
509 2591 615 2654 Docuit
628 2592 810 2674 perpendere
824 2610 922 2672 regem

224 2713 283 2774 Hos
298 2732 371 2792 quos
385 2714 507 2776 victores
523 2715 576 2777 ieci
590 2733 635 2776 me
649 2713 774 2776 reddere
788 2733 876 2796 posse

224 2835 339 2912 Victos;
356 2857 428 2917 quos
442 2837 508 2914 vici,
525 2856 609 2899 versa
622 2837 695 2913 vice,
711 2837 835 2898 reddere
849 2856 936 2918 posse

223 2956 367 3018 Victores.
409 2959 474 3019 Non
488 2975 544 3037 ego
558 2957 598 3019 fui
612 2957 781 3020 tractandus
796 2957 903 3038 inique.

223 3075 275 3136 Est
288 3076 412 3139 stolidus
426 3077 574 3160 princeps,
591 3078 639 3157 qui
655 3099 708 3160 per
721 3098 795 3158 quos
809 3078 873 3160 ipsc
887 3078 1046 3161 triumphat

223 3197 258 3259 Et
272 3219 325 3280 per
338 3219 411 3281 qnos
425 3205 528 3280 regnat
541 3219 634 3277 caros,
651 3199 768 3263 infestat
782 3207 814 3263 ut
828 3203 938 3264 hostes.

223 3321 283 3382 Sed
297 3323 430 3402 quoniam
445 3323 568 3405 supplex
581 3343 680 3406 pacem
696 3325 864 3405 veniamque
878 3329 1025 3408 precatur,

223 3443 367 3506 'tractabo
378 3445 441 3528 jam
456 3445 492 3507 de
506 3445 584 3526 regis
598 3465 652 3526 ego
667 3467 731 3508 cum
747 3447 854 3536 cesare
868 3467 949 3529 pace.
964 3448 978 3474 ’'

223 3565 339 3629 cesaris
353 3567 420 3629 inde
433 3567 524 3648 pedes
538 3569 700 3650 amplexus,
716 3572 844 3650 postulat
857 3570 935 3633 illum

223 3688 261 3748 Ut
276 3687 382 3749 tribuat
395 3689 459 3768 regi
474 3689 596 3766 veniam,
613 3695 764 3770 sumetque
778 3692 926 3753 tributum.

224 3812 315 3872 Cesar
329 3811 374 3872 vix
389 3817 484 3874 motus
497 3813 633 3894 precibus
648 3813 742 3888 ducis,
758 3814 859 3874 unnnit
872 3814 922 3876 itti.

264 3933 356 3996 Orcn
370 3933 479 3996 inielint
495 3933 565 4014 qnid
580 3934 662 4014 agis?
704 3936 764 3996 Pax
778 3936 893 3998 Cesar-is
909 3938 984 3999 omni

221 4053 275 4115 Est
288 4073 357 4116 nece
371 4054 509 4130 deterior,
525 4061 554 4117 ct
567 4061 650 4137 peste
664 4056 810 4118 molestior
824 4057 911 4118 omni.

222 4177 304 4238 llanc
317 4181 367 4239 tua
380 4177 535 4258 posteritas
549 4197 650 4260 pacem
665 4177 786 4240 merebit
800 4179 828 4240 in
843 4199 938 4255 evum,
