3226 5168
611 559 714 604 uttan
736 559 893 604 DECIMUS.

234 672 388 736 Auxilium.
432 673 567 735 Salomon
580 669 694 753 placide
708 668 867 752 respondet
880 668 1015 751 elinquit
1032 689 1038 728 :

233 793 248 819 “
261 794 404 857 Auxilium
419 793 555 876 prestabo
569 791 635 869 tibi,
651 789 842 871 diademaque
856 790 988 868 reddam,

233 916 360 996 luraque
373 915 541 990 restituam3
559 914 611 977 sed
624 918 686 975 toto
700 918 818 995 pectore
833 917 939 990 motus,

235 1036 368 1098 ddmiror
383 1035 524 1116 doleoque
538 1035 623 1098 simul
636 1033 714 1114 quod
728 1034 824 1096 nobile
837 1053 959 1114 reguum

236 1155 322 1228 Quod
337 1155 430 1218 nostri
441 1160 561 1218 tenuere
575 1159 686 1238 patres,
701 1173 773 1235 gens
788 1159 885 1216 extera
899 1154 1005 1217 nostris

235 1279 369 1360 Occupat
383 1277 495 1360 ejectis.
539 1279 562 1338 ll
578 1275 670 1358 prima
685 1274 768 1337 nario
782 1295 903 1358 presens

234 1399 400 1479 Degenerat
413 1398 573 1461 Britonum.
618 1398 740 1460 Veteres
755 1397 891 1478 genuisse
905 1397 1070 1472 modernos,

233 1519 264 1581 Si
279 1519 396 1601 sapiunt
409 1523 475 1600 post
490 1521 559 1595 lata,
577 1519 677 1600 pudet.
721 1519 766 1580 De
780 1519 870 1600 stirpe
885 1519 998 1580 leonum

232 1640 347 1720 Egressi
361 1641 491 1722 lepores;
509 1660 573 1703 uam
588 1641 625 1703 de
639 1639 729 1720 stirpe
743 1645 903 1721 gygantum

234 1760 312 1823 Gens
327 1765 378 1822 tua
391 1761 553 1824 Senonibus
567 1762 665 1838 cessit,
681 1779 858 1840 regnumque
872 1760 1007 1840 relinquit

235 1881 322 1954 Quod
338 1883 446 1944 Brutus
461 1883 551 1944 multo
566 1887 645 1942 terra
658 1881 820 1962 pelagoque
834 1880 933 1940 labore

234 2002 397 2079 Quesitnm,
414 2001 559 2084 qnondam
574 2001 681 2064 nostris
696 2000 802 2062 dimisit
815 1999 988 2062 babendum.

233 2125 259 2188 0
274 2126 403 2207 probitas
416 2124 564 2187 laudanda
577 2129 703 2207 patrum,
720 2121 864 2205 culpanda
877 2122 1008 2184 moderni

232 2245 379 2326 Segnicies
393 2245 510 2328 populil
555 2247 646 2308 Bruto
662 2243 826 2324 nostrisque
841 2243 961 2304 subacta

234 2365 339 2429 Gracia
353 2367 523 2442 subcubuit;
539 2365 700 2445 Maurique,
715 2364 826 2444 lerique
839 2363 944 2445 pirate,

232 2487 397 2568 l‘ictavique
410 2493 518 2564 truces,
532 2487 684 2570 Majorque
699 2484 847 2546 Britannia
862 2483 963 2560 cessit;

232 2607 375 2670 Brennius
389 2611 418 2669 et
430 2609 536 2670 fratres
551 2606 649 2671 Gallos
665 2609 823 2686 urbemque
839 2605 952 2676 Quirini

232 2729 392 2812 Snbjecere
405 2729 477 2806 sibi;
494 2728 768 2808 Constantinusque,
785 2729 868 2790 beate

231 2851 388 2931 Progenies
403 2852 521 2927 Helene,
537 2870 648 2913 necnon
663 2853 692 2910 et
704 2847 903 2924 Maximianus,

231 2973 398 3054 Imposuere
407 2971 512 3054 jugum
527 2969 632 3046 aniis,
649 2975 677 3032 et
690 2969 785 3032 tocius
800 2969 879 3031 orbis

232 3091 385 3174 lrnperium
398 3093 465 3154 forti
479 3091 581 3154 dextra
597 3096 715 3153 tenuere
730 3089 872 3152 Britanni.

231 3213 437 3276 Cornnbiensis
452 3233 533 3294 aper,
550 3212 635 3294 cujus
650 3211 766 3293 vulgata
779 3231 833 3293 per
849 3213 946 3273 orbern
980 3203 983 3210 ’

230 3333 317 3395 Fama
331 3333 409 3413 viget
423 3331 555 3408 celebris,
571 3349 656 3411 reges
671 3351 743 3412 quos
759 3333 850 3396 Ortus
863 3332 987 3394 habebat

229 3455 265 3516 Et
278 3473 352 3535 quos
367 3454 509 3531 Occasus,
525 3473 624 3516 omnes
639 3453 796 3534 superavit,
813 3457 843 3514 et
856 3453 950 3535 ipsum

229 3574 360 3638 Perdidit
373 3579 547 3656 Angustum.
590 3577 711 3638 Veteres
726 3574 853 3636 didicere
867 3575 999 3637 Britanni

229 3698 351 3761 Vincere
365 3717 418 3760 nec
431 3696 524 3772 rinei;
541 3701 648 3759 norunt
663 3695 733 3758 dare
747 3703 830 3776 terga
844 3695 984 3758 Britanni.
999 3696 1014 3720 ”

270 3819 319 3881 llis
335 3819 432 3896 dictis,
447 3819 463 3844 “
475 3819 534 3895 Sic,
550 3819 643 3898 inquit
656 3819 680 3880 ei
697 3817 847 3894 Caduallo,
863 3818 992 3900 rependo
1010 3840 1016 3879 :

229 3940 413 4003 llnltimodas
427 3945 524 4019 grates
539 3939 601 4015 tibi,
617 3959 678 4000 rex.
722 3939 831 4000 Memor
845 3939 933 4020 hujus
947 3939 1054 4002 auroris

231 4060 323 4131 Quem
339 4059 487 4141 pretendis
502 4080 562 4134 ero,
580 4059 648 4121 dum
664 4059 785 4140 spiritus
799 4059 973 4120 etberiarum

231 4179 378 4262 Carpseril
393 4179 447 4242 iste
462 4180 538 4255 vias;
556 4179 607 4242 sed
623 4199 659 4241 ne
674 4179 777 4240 mirere
791 4179 946 4241 modernos
