3226 5168
561 535 666 582 iiim
686 535 848 582 necinus

188 647 322 711 Excludit
336 648 441 731 major,
456 653 486 712 et
499 653 600 712 contra
615 650 714 713 federa
720 651 802 733 juris

188 769 326 851 ilcephali
341 770 475 833 Britones
490 771 652 852 spoliantur
662 771 730 853 juro
745 775 879 854 paterno.

227 1011 289 1074 iam
304 1031 368 1074 mea
381 1032 456 1094 pene
470 1013 541 1074 ralis
556 1012 645 1076 liuciu
660 1013 747 1076 maris
763 1015 877 1090 obruta,
894 1018 1011 1097 portum

191 1130 331 1212 Optatam
346 1132 450 1212 tangit,
466 1138 496 1196 et
509 1153 595 1214 quam
610 1153 661 1196 nec
675 1153 744 1196 sera
758 1134 892 1197 caribdis

187 1254 247 1316 Nec
262 1253 349 1316 catuli
364 1254 460 1330 Sciiie,
476 1275 530 1317 uec
547 1257 650 1319 terruit
663 1256 779 1336 equoris
796 1257 884 1334 unda,

188 1374 310 1437 Terreni
323 1381 466 1439 terrarum
480 1377 663 1454 fantasmata,
679 1383 770 1440 terret
784 1377 880 1440 edacis

188 1495 300 1557 Livoris
314 1515 438 1574 morsus,
456 1501 598 1560 tormento
612 1497 706 1560 sevior
722 1499 809 1561 omni.

189 1617 262 1688 Quis
275 1618 356 1680 iocus
370 1618 486 1696 invidio,
502 1619 573 1700 quid
587 1620 646 1701 agit
660 1620 799 1682 detractio
817 1621 956 1684 mordax?

188 1739 238 1801 iiic
253 1741 301 1802 ubi
316 1743 414 1822 culpat
429 1762 514 1825 opuS,
530 1743 735 1825 propriumque
750 1744 859 1806 fecerat
873 1750 984 1818 auctor,

188 1862 286 1924 invide
301 1882 352 1926 cur
366 1865 459 1927 cernis
473 1865 592 1944 obliquo
607 1865 712 1928 iumine
727 1867 829 1928 labro?

187 1983 356 2064 indignante
369 1985 442 2065 legis
456 2005 519 2048 mea
533 1987 670 2064 carmina,
687 2007 738 2050 cur
752 2007 786 2049 ea
803 1988 889 2050 dente

186 2105 296 2167 Scauro
311 2109 459 2170 corrodis?
499 2110 565 2171 Nou
580 2117 658 2186 sunt,
674 2131 719 2172 me
728 2111 842 2193 judico,
862 2111 950 2188 digua

188 2228 298 2306 Laude,
314 2249 368 2292 nee
381 2230 411 2292 in
425 2231 519 2293 medio
534 2231 682 2294 recitanda
696 2231 808 2294 diserti.

185 2350 232 2412 Nil
246 2369 300 2431 ego
314 2353 469 2432 provectis,
485 2354 525 2416 nii
539 2354 633 2416 doctis
647 2354 742 2416 scribo
758 2354 915 2434 magistris,

186 2471 245 2532 Sed
259 2472 380 2536 rudibus
393 2473 466 2536 rude
480 2494 594 2537 carmen
611 2495 676 2555 ego,
694 2495 750 2536 non
766 2477 853 2536 verba
868 2475 959 2557 pciita

185 2593 250 2656 Noa
265 2595 381 2676 tragicis
395 2597 465 2661 satis
480 2603 549 2680 apta
562 2597 668 2674 modis,
686 2618 742 2660 nou
757 2597 846 2679 digna
861 2597 1008 2674 cathedra,

185 2715 250 2776 Non
264 2715 358 2778 medio
373 2718 524 2799 psallenda
538 2719 617 2796 loro,
634 2738 705 2780 cano
719 2723 836 2800 gutture
851 2739 951 2781 rauco.

185 2835 250 2897 Non
265 2837 384 2918 plausus
398 2839 509 2921 popuii,
527 2860 584 2902 non
598 2841 713 2918 lamam,
730 2861 787 2902 non
802 2840 964 2922 sapientum

184 2957 325 3020 iudicium
340 2979 446 3039 quero;
463 2961 532 3023 satis
547 2965 592 3023 ost
605 2961 674 3023 milri
689 2961 713 3023 si
728 2981 885 3044 puerorum
1156 2985 1215 3032 auio

186 3077 294 3142 Gratus
307 3079 335 3142 ia
349 3101 400 3143 ore
414 3083 505 3162 legar.
547 3083 652 3145 Procul
665 3082 743 3160 hine,
759 3081 860 3164 procui
872 3103 935 3145 esse
950 3083 1036 3164 periti

184 3199 313 3262 Saxones
327 3199 393 3264 hine
407 3203 520 3279 abeant,
536 3203 643 3264 lateant·
656 3223 719 3264 moa
733 3203 841 3284 scripta
856 3203 1001 3280 Quirites,

183 3320 244 3384 Nec
258 3327 378 3404 pateant
392 3322 493 3401 Gallis,
509 3343 581 3404 quos
596 3329 695 3386 nostra
709 3324 858 3386 Britannia
871 3323 972 3386 victrix

185 3443 261 3524 Sepe
274 3445 447 3508 molestavit.
490 3446 567 3508 Solis
581 3447 634 3508 hcc
648 3446 741 3508 scribo
756 3446 914 3522 Britannia,

183 3563 222 3626 Ut
235 3583 375 3628 memores
390 3565 495 3628 veteris
509 3567 602 3649 patrie
613 3566 748 3650 jurisque
761 3566 886 3649 paterni,

182 3684 321 3764 Eriliiqne
335 3691 460 3768 patrum,
478 3687 645 3770 propriique
659 3687 791 3770 pudoris,
807 3690 942 3752 anhcioni

183 3805 309 3868 Vocibus
323 3812 353 3870 et
366 3808 441 3871 votis
457 3813 489 3870 ut
501 3828 622 3890 regnum
636 3811 805 3873 restituatur

183 3927 308 4008 Antiqua
318 3927 391 4011 juri,
408 3949 464 4010 que
478 3932 609 4012 possidet
623 3933 762 4012 Angiicus
776 3933 882 4009 hostis;

181 4049 260 4110 Neve
274 4051 346 4112 maie
360 4049 426 4113 fidei
441 4069 594 4132 possessor
607 4051 709 4135 predia
722 4058 823 4115 nostra

180 4169 355 4249 Prescribat,
371 4177 522 4253 sumatque
537 4173 628 4237 bonas
643 4193 660 4236 a
674 4179 805 4256 tempore
818 4194 932 4240 causas.
1150 4201 1211 4250 taso

1014 4300 1042 4348 rs
