3272 5188
640 751 874 820 BRUTUS.

517 1081 577 1129 (caat.
587 1083 629 1128 ¹⁸..
639 1081 773 1130 ammon,
781 1082 804 1120 t.
813 1083 836 1128 Χ,
845 1083 891 1122 tolio
900 1083 922 1120 at
931 1083 1002 1130 vem.)

315 1520 456 1577 Consuluit
468 1535 532 1576 mea
544 1519 598 1578 Clio
610 1521 679 1576 mihi
691 1521 758 1576 dare
770 1535 866 1576 semen
878 1521 992 1588 harene,

316 1618 409 1687 Deque
422 1618 517 1673 labore
528 1631 592 1674 meo
605 1619 715 1674 steriles
728 1625 881 1674 nascuntur
892 1633 990 1674 avene.

316 1716 371 1770 Clio
385 1714 575 1782 deditionem,
590 1729 647 1771 non
660 1716 804 1772 obiueoata
817 1717 949 1772 tenebris.

315 1811 391 1866 tune
404 1816 465 1866 erat
475 1811 543 1865 urbe
555 1810 681 1877 celebris,
698 1819 765 1866 tuno
777 1812 860 1866 Cesar
871 1813 899 1866 in
913 1813 981 1867 urbe
995 1811 1122 1868 celebris.

317 1909 421 1962 Profuit
433 1908 556 1976 antiquis
568 1909 661 1962 studio
674 1909 792 1964 coluisse
805 1923 928 1970 sorores;

317 2005 394 2060 Nunc
409 2018 471 2060 mea
483 2005 560 2058 iiuea
572 2005 639 2058 mihi
653 2006 771 2060 meritos
784 2007 886 2060 evertit
896 2005 1027 2060 honores.

318 2101 391 2154 Maro
405 2095 545 2169 relegatus
556 2101 649 2156 iuerat
660 2117 710 2170 pro
722 2101 816 2166 Titine,
830 2115 936 2170 proque

319 2197 403 2252 Nocte
416 2197 500 2265 piuit;
516 2198 600 2252 rediit
611 2203 756 2266 reparatus
768 2197 875 2252 honore
889 2197 1036 2264 domoque.

317 2291 369 2346 Sed
382 2307 457 2347 nuno
470 2292 611 2346 mendicat
622 2293 719 2360 quevis
731 2294 858 2347 examine
871 2293 935 2357 Clio,

318 2387 429 2455 Cogitur
441 2387 567 2442 esuriens
578 2389 699 2454 migrare
711 2403 761 2456 per
773 2389 844 2442 atria
856 2389 920 2454 Clio,

319 2483 374 2537 Neo
388 2487 466 2537 vates
478 2483 560 2536 docet
572 2497 633 2537 esse
646 2483 735 2538 samos
748 2498 843 2539 comos
855 2484 929 2538 inter
940 2484 1040 2539 acerba

319 2577 376 2642 Quo
388 2578 470 2633 docet
481 2584 510 2633 et
521 2579 649 2634 volucres
662 2579 822 2634 humaniter
834 2581 915 2635 edere
927 2581 1021 2634 verba.

319 2676 405 2728 Nemo
417 2675 553 2740 Meoenas,
568 2689 651 2730 nemo
663 2675 747 2730 inodo
760 2676 854 2742 Cosam
871 2676 977 2730 Athone

320 2769 420 2825 Laudis
432 2771 539 2826 honore
552 2776 657 2840 carent,
673 2773 838 2840 fugiuntque
851 2773 959 2826 theatra
971 2773 1098 2826 Cameno.

319 2867 416 2922 Flacco
428 2867 511 2921 'iihur
524 2875 594 2932 enat,
609 2868 710 2922 Nasoni
721 2868 783 2936 jura
796 2874 922 2937 paterna,

320 2963 431 3018 Mantua
444 2963 564 3032 Virgilio,
580 2965 636 3018 voti
648 2964 730 3018 modo
745 2979 808 3019 cana
821 2964 944 3018 taberna.

320 3060 372 3114 Sed
384 3065 459 3116 artes
471 3067 603 3130 pereunt;
619 3060 669 3116 sed
682 3075 762 3115 ranas
775 3065 1002 3124 ammonentem,

320 3157 392 3213 liano
406 3162 499 3213 tamen
513 3159 648 3224 scribens,
664 3167 813 3226 patronum
827 3159 913 3212 sentit
923 3139 1049 3212 evanum.

321 3349 378 3414 Set,
392 3348 586 3404 Dunelmensis
598 3348 702 3416 presul,
716 3348 946 3417 metropolitanus
958 3348 1047 3415 nugo,

321 3446 386 3500 Joro
400 3446 497 3500 dicabo
510 3447 559 3500 tibi
572 3461 626 3513 que
638 3445 755 3500 Palladis
767 3447 852 3501 ubero
864 3461 946 3513 sogo;

323 3543 391 3595 Nam
405 3556 513 3610 nequeo
526 3543 643 3597 reticere
657 3547 703 3598 tue
716 3543 846 3610 preconia
857 3543 940 3597 ieme.

323 3637 380 3692 Eoo
394 3642 441 3692 tua
453 3637 582 3692 nobilitas
595 3644 699 3702 movet,
714 3639 842 3706 imperat,
856 3638 941 3705 exigit
954 3651 970 3690 a
983 3652 1038 3692 nie.

322 3735 361 3788 Tu
374 3735 443 3788 mihi
456 3734 590 3798 Mecenas,
607 3742 636 3789 tu
650 3735 755 3790 Cosanis
767 3734 877 3790 emulus
888 3749 971 3797 unns,

323 3831 379 3893 Quo
392 3831 440 3885 tibi
453 3831 565 3885 devovit
576 3837 654 3885 vates
668 3835 741 3894 tuae,
756 3831 849 3898 accipe
862 3845 975 3884 munos.

322 3927 456 3995 Tempore
469 3929 583 3982 Gesaroo
596 3926 661 3995 quid
675 3927 772 3982 [lesere
785 3927 877 3994 majus
889 3926 992 3980 habena

323 4025 371 4078 Vel
385 4025 486 4078 melius
498 4029 617 4092 poterat,
633 4024 672 4077 nil
685 4025 776 4091 inquit
787 4024 883 4077 oonoio
896 4023 972 4077 olori.

323 4121 360 4174 Tu
373 4120 482 4184 melior,
497 4124 527 4175 tu
541 4121 630 4190 major
641 4134 684 4184 eo,
698 4133 763 4174 oum
776 4119 814 4174 sis
827 4120 887 4174 vice
901 4120 987 4186 regin

324 4219 445 4286 Cumque
458 4216 611 4272 sacerdotis
623 4231 743 4284 genuere
756 4215 910 4271 moderatio
922 4215 1000 4282 logis,
