3226 5168
362 493 417 554 ¹68
638 511 745 555 neeri
767 511 880 556 uranu
903 515 1110 562 nnirrnnrn.

359 623 498 686 Ceduello
512 627 629 704 reputat
642 627 742 684 contra
756 643 809 685 sua
822 631 907 706 pacta
921 627 1028 690 venire.

358 745 470 806 lnterea
483 747 615 806 veniente
629 744 748 825 dieque
761 747 861 809 celitus
876 747 951 828 ignis

358 867 479 926 Pectora
492 864 619 926 firmavit
632 863 790 928 titubancia
803 865 1021 949 discipulorum,

358 986 461 1048 lnvilat
476 985 615 1048 Caduallo
630 1005 699 1048 snos
713 1005 798 1067 reges
812 987 958 1070 ducesque

355 1111 391 1170 Et
402 1128 549 1192 proceres,
565 1109 724 1190 sollempne
739 1110 849 1186 volens,
864 1110 1026 1176 diedemate
1040 1121 1166 1198 sumpto,

355 1229 456 1310 Regali
470 1229 540 1307 ritu,
557 1231 662 1292 testum
676 1230 833 1292 celebrare.
876 1233 977 1294 Vocati

356 1352 549 1416 Conveniunt.
594 1350 723 1414 Osuinus
737 1353 830 1414 abest.
873 1353 933 1417 Cur
947 1357 1025 1418 solus
1039 1359 1165 1433 abesset,

356 1476 502 1556 Corrupto
517 1473 603 1534 lullex
616 1472 776 1553 interroget
791 1493 841 1536 ore
854 1475 980 1537 Peanda.

353 1598 368 1623 ‘¹
381 1599 452 1672 lien,
468 1595 519 1671 ait,
535 1600 660 1674 egrolnt.
674 1595 689 1620 ”
698 1631 738 1641 -
752 1595 767 1620 “
779 1595 871 1658 Aliter
883 1617 916 1658 se
929 1617 977 1660 res
991 1599 1087 1675 habel,
1103 1600 1207 1681 inquil.

356 1719 420 1778 Non
435 1715 609 1790 infirmatum
626 1714 679 1776 sed
693 1716 802 1778 habens
816 1715 845 1778 in
860 1717 949 1779 corde
962 1738 1103 1781 venenum

355 1838 480 1918 Aulique
495 1835 616 1910 fraudis,
632 1841 762 1898 veterum
776 1843 961 1900 monumenta
974 1845 1126 1920 parentum

356 1963 459 2021 Servat
472 1957 567 2018 adhuc
581 1956 609 2018 in
623 1956 711 2018 corde
725 1976 793 2032 suo;
810 1958 952 2020 consortis
966 1959 994 2020 in
1011 1979 1068 2022 nno

357 2079 505 2162 inpaciens
519 2098 621 2160 regno,
637 2079 728 2141 solnm
741 2078 856 2141 molitur
870 2079 976 2142 habere

355 2205 393 2265 Se
408 2199 601 2264 monarchiam
616 2204 717 2262 eontra
729 2204 903 2281 pactumque
917 2199 1072 2281 fidemque.

355 2323 456 2404 Nuper
471 2319 622 2384 Germanis
635 2318 784 2381 mandavit
797 2322 829 2380 ut
843 2318 940 2382 oecins
953 2339 1033 2382 orma

355 2444 507 2505 Portantes
521 2438 645 2500 veniant.
687 2438 808 2518 'legitur
817 2438 880 2520 jam
894 2441 1035 2504 classibus
1048 2462 1148 2523 equor.

353 2565 416 2624 lum
432 2560 509 2622 venit
521 2559 610 2621 eliera
622 2577 695 2638 gens
709 2579 766 2639 que
779 2564 810 2621 te
823 2560 970 2642 deponere
985 2562 1092 2641 querit;

355 2683 414 2746 Sed
429 2681 452 2743 si
467 2680 619 2763 permittis,
637 2680 667 2743 in
681 2700 746 2742 eum
761 2681 841 2762 prior
855 2700 934 2744 arma
946 2685 1079 2760 movebo,

355 2804 578 2883 Proveniamque
593 2804 686 2866 scelus
700 2804 845 2881 scelerosi,
861 2805 1019 2886 fraudeque
1034 2808 1162 2870 fraudem

355 2928 496 2994 Collidam
514 2949 520 2988 :
537 2925 605 2989 fidei
619 2947 676 2989 non
690 2929 845 2990 observare
859 2934 968 2991 statuta

354 3053 419 3114 Non
434 3049 598 3112 observanti
614 3069 671 3112 uon
685 3053 740 3124 esi,
756 3069 801 3112 me
812 3050 923 3132 judice,
940 3053 1035 3133 culpa.
1049 3053 1063 3076 ”

354 3172 413 3236 Sed
427 3177 568 3235 temerare
583 3169 668 3233 fidem
683 3189 740 3251 que
753 3183 871 3232 venerat
884 3172 912 3234 iu
927 3172 1096 3254 stipulatum

353 3298 414 3360 Rex
428 3300 510 3358 retus
525 3315 589 3356 esse
601 3295 721 3376 nephas,
735 3293 875 3375 regnique
889 3295 1021 3358 amittere
1032 3296 1101 3378 jura

352 3417 423 3478 Esse
437 3416 504 3479 dolo
519 3415 646 3496 gravius,
662 3435 719 3495 qno
733 3415 834 3478 tendat
848 3416 949 3480 nescit.
994 3419 1136 3480 Honeslas

352 3535 439 3616 Cogit
451 3556 516 3598 eum
530 3555 646 3598 servare
660 3535 761 3611 lidem;
779 3536 833 3599 sed
849 3536 965 3619 publica
979 3537 1061 3619 regni

354 3655 478 3719 Advetat
491 3655 601 3718 utilitas
617 3677 623 3716 :
641 3655 747 3718 dubius
763 3661 857 3720 manet
869 3657 943 3719 inter
957 3662 1121 3738 utrumque.

352 3776 483 3842 Consulit
497 3795 567 3856 ergo
582 3795 649 3838 suos
664 3777 733 3858 quid
748 3782 816 3859 ngat
830 3798 881 3840 rex
893 3779 1107 3842 Demeciornm.

352 3899 429 3959 Dum
443 3895 578 3960 dubitent
589 3897 649 3975 alii,
666 3897 708 3960 sie
723 3899 821 3962 dicens
836 3899 959 3962 consulit
972 3899 1013 3962 illi
1033 3921 1040 3961 :

391 4017 575 4098 “lngiorem
592 4037 675 4100 reges
691 4021 832 4102 expellere
846 4020 1024 4102 proposuisti

353 4139 398 4200 De
412 4137 531 4218 regione
546 4143 596 4200 lua
610 4144 710 4202 contre
725 4145 793 4203 vota
805 4145 856 4202 tua
869 4139 1003 4204 scienter.

1325 1623 1385 1669 idid

1324 2830 1384 2875 idid
