3206 5134
604 565 708 610 neren
729 565 888 618 obruens.

226 679 412 744 Constantem
426 675 520 739 tendit
533 674 716 750 monachum,
732 679 909 753 mortemque
923 675 1050 756 parentis

224 798 347 860 Nunciet
360 797 426 878 ejus
442 796 479 873 ei,
495 794 595 856 dicens
612 814 619 854 :
636 793 651 820 ‘¹
662 793 722 856 Cur
736 797 816 855 veste
829 795 883 855 sub
898 798 962 855 atra

225 919 277 980 Hic
290 918 407 980 latitas?
448 918 578 996 Regnum
593 919 687 989 vacet,
704 918 733 975 et
747 911 902 975 succedere
916 914 992 994 patri

225 1041 267 1101 Te
280 1039 392 1116 faciam,
409 1037 435 1099 si
448 1037 534 1112 forte,
550 1035 621 1097 meis
635 1053 740 1117 parere
753 1039 874 1116 paratus

226 1158 372 1236 Consiliis,
388 1175 496 1238 augere
509 1157 660 1235 vetisjmea
670 1155 750 1238 jura,
766 1153 878 1236 tibique

225 1280 284 1342 Sim
298 1278 418 1361 propior
432 1277 553 1353 eunctis,
570 1280 701 1338 nostrum
717 1276 786 1338 dum
800 1277 878 1338 rivet
892 1281 1023 1359 uterque.
1038 1277 1053 1302 ”

225 1402 275 1465 Sie
287 1403 350 1463 tore
364 1403 529 1492 constanter
544 1399 687 1462 Constans
700 1397 853 1480 promittit,
870 1398 1005 1480 idemque

225 1521 401 1584 Promissum
412 1519 504 1602 jurat.
548 1517 707 1581 Moneebali
721 1523 801 1580 veste
815 1523 936 1595 remota,

225 1641 357 1704 Induitur
369 1641 467 1721 regate
481 1638 581 1714 decus,
596 1640 643 1700 vix
658 1637 744 1700 dante
758 1639 896 1700 Britanno

224 1761 517 1842 Asseusumpopu103
535 1759 618 1840 regni
633 1757 795 1820 diademate
809 1759 912 1840 fulget,

226 1881 313 1954 Quod
326 1881 529 1962 vortigernus,
546 1884 645 1962 spreto
659 1878 853 1941 moderamine
864 1879 952 1962 juris,

226 2003 302 2065 iltius
316 2002 453 2084 imposuit
466 2001 569 2084 eapiti;
588 2021 653 2064 nam
670 1999 882 2063 Londoniensis

225 2123 337 2199 Presut,
354 2121 439 2204 cnjus
453 2125 517 2184 erat
530 2122 586 2183 hoe
596 2119 660 2204 jus,
676 2121 852 2183 decesserat.
896 2123 977 2184 Alter

225 2243 394 2306 Pontificum
408 2263 467 2304 non
481 2243 569 2304 endet
584 2261 649 2304 eum
663 2241 824 2304 diademate
837 2242 915 2322 regis

226 2364 375 2444 iusignire,
392 2365 460 2445 quia
473 2364 631 2426 monachus
645 2367 800 2443 votumque
812 2364 962 2444 professus

226 2485 257 2548 ln
270 2505 380 2567 regem,
396 2491 497 2548 contre
509 2490 619 2561 votum,
637 2503 693 2547 nou
708 2484 795 2546 debet
807 2483 918 2565 inungi.

265 2605 380 2687 Opner
392 2605 570 2680 inconstans,
588 2604 648 2684 qui,
664 2604 736 2665 salso
750 2603 877 2680 nomine,
896 2606 1040 2668 Constans

225 2725 347 2801 Diceris,
364 2725 401 2786 ad
416 2726 572 2787 claustrum
586 2724 688 2786 redeas
702 2723 889 2804 habitumque
902 2745 1043 2802 resumas,

225 2847 260 2908 Et
272 2851 402 2908 sanetum
417 2849 515 2906 votnm
529 2849 642 2907 teneas!
685 2845 804 2925 Regalia
819 2843 918 2906 demas

226 2966 402 3029 Ornameuta
415 2964 481 3040 tibi;
498 2983 564 3026 uem
578 2969 607 3026 te
622 2964 706 3026 decet
719 2963 847 3046 hyspide
861 2965 960 3041 vestis,

224 3087 288 3148 Non
302 3087 400 3166 regaie
414 3085 513 3148 decus.
558 3086 667 3148 Dicens
680 3085 834 3147 Psalmista
850 3107 856 3146 :
874 3085 890 3111 “
901 3091 993 3160 ovete,
1008 3088 1023 3112 '⁵

224 3205 374 3269 “Reddite
388 3206 526 3269 contiuno
538 3206 553 3230 ”
566 3206 653 3282 dixit;
672 3223 725 3267 nee
739 3209 768 3266 te
782 3205 894 3267 resilire

226 3327 249 3386 Α
263 3329 330 3387 voto
345 3325 451 3402 decuit,
467 3325 587 3407 propria
600 3326 716 3388 levitate
730 3324 892 3387 reductum.

225 3443 296 3506 Ecce
310 3444 372 3507 dies
385 3445 475 3508 instat
489 3465 546 3525 quo
560 3451 589 3508 te
602 3446 725 3508 vitiasse
738 3445 851 3526 pigebit

225 3565 361 3628 Sanctum
375 3567 568 3648 propositum,
590 3567 659 3628 dum
673 3571 702 3628 te
716 3585 879 3648 proponere
893 3585 983 3646 ragno

224 3685 358 3748 Proditor
372 3687 510 3762 intendit3
529 3707 592 3748 uam
607 3691 635 3748 te
650 3688 798 3768 deponere
811 3693 942 3769 temptat.
957 3688 972 3712 '²

264 3808 324 3869 Rex
338 3807 427 3886 igitur
441 3807 597 3888 Constans,
615 3828 699 3890 quem
719 3829 776 3874 nou
791 3809 951 3875 coustantio
966 3812 1069 3872 mentis

225 3925 314 4006 Erigit
327 3927 355 3988 in
369 3946 478 4008 regem,
496 3948 548 3990 neo
562 3929 638 3992 vires
652 3930 782 4011 eorporis
796 3929 890 4010 ipsum

225 4047 384 4124 Detmetat,
399 4049 482 4129 regni
497 4049 589 4112 tocius
601 4051 729 4114 habenas

225 4167 282 4229 Dat
295 4168 481 4248 Vortigerno,
497 4173 607 4234 tautum
620 4170 675 4234 sibi
689 4170 767 4251 regis
780 4170 859 4234 inani
