3226 5168
646 512 756 557 ntnult
776 511 939 556 ocultum

277 633 356 694 l'one
370 635 479 704 metus;
497 627 592 690 ueniet
606 625 656 705 qui
670 627 698 687 te
713 625 749 686 de
763 643 879 687 carcere
894 624 1014 687 monstri

276 751 397 833 Eripiet‚
414 747 518 812 vindex
533 766 675 830 oppresse
690 744 785 827 neptis
800 743 891 806 lloeli.
907 743 921 768 ’¹

277 870 346 934 lnde
359 869 447 946 redit,
463 867 583 950 regique
597 868 686 930 relert
699 885 756 948 que
769 865 857 942 vidit;
873 869 903 927 at
916 864 965 927 ille

276 989 405 1071 Virginis
418 989 565 1052 interitum
579 989 653 1050 mule
667 988 732 1066 lert,
749 985 901 1068 sociosque
914 991 1050 1068 precatur

276 1112 315 1175 Ut
329 1110 387 1174 sibi
401 1129 466 1174 cunr
480 1108 543 1172 solo
558 1107 612 1172 soli
626 1111 737 1170 certare
750 1109 879 1188 gygante

277 1231 461 1308 Concedent;
478 1243 531 1294 nec
545 1249 631 1312 opem
645 1233 787 1312 prestent,
803 1227 858 1290 nisi
872 1229 947 1290 torte
960 1228 1080 1290 subesse

278 1353 468 1436 Conspieinut
481 1352 576 1435 ipsum
591 1371 645 1414 nec
659 1350 894 1437 posselresistere
908 1353 1047 1412 monstro.

277 1477 348 1539 llinc
362 1477 399 1538 ad
415 1475 534 1558 majoris
548 1473 673 1538 madunt
685 1473 802 1554 lastigie
814 1473 921 1536 montis
937 1494 943 1533 :

276 1599 360 1674 Ecce,
376 1598 485 1680 pudor!
499 1597 598 1659 matris
612 1597 722 1658 Nature
735 1595 875 1671 dedecus,
890 1595 994 1656 horror·

276 1718 533 1800 obprobriumque
547 1718 705 1793 bominum,
721 1733 876 1799 porcorum
890 1716 957 1778 tabe
971 1721 1090 1777 cruenta

277 1839 339 1902 Ora
352 1857 468 1918 gerens,
485 1839 603 1900 barbam
618 1841 780 1899 concretum
794 1834 934 1915 sanguine
948 1834 1026 1910 ledo,

277 1959 439 2022 Distortum
452 1977 565 2034 nasum,
582 1957 684 2020 dentes
699 1975 756 2020 nou
771 1956 873 2019 ordine
883 1955 966 2037 justo

277 2079 454 2162 Dispositos,
470 2080 567 2142 lances
581 2079 706 2160 patulas,
723 2079 892 2142 Acherontis
906 2077 1060 2154 adinstar,

278 2202 418 2282 Obliquus
432 2202 542 2278 oculos,
559 2205 648 2282 capnt
662 2200 832 2264 admirabile
845 2201 919 2278 visu,

277 2326 393 2386 lunatas
406 2326 485 2386 setas
499 2322 529 2384 in
543 2325 605 2384 toto
619 2341 741 2404 corpore
756 2325 884 2402 gestans,

276 2445 341 2508 Non
355 2445 427 2508 alias
441 2451 552 2522 vestes3
569 2444 682 2507 ardenti
697 2444 828 2527 presidet
840 2444 910 2525 igni.

278 2565 337 2638 Qui
351 2566 435 2630 simul
449 2566 562 2648 aspexit
574 2585 673 2647 regem
685 2565 822 2648 regisque
836 2566 963 2644 sodales,

277 2688 394 2752 Claram
410 2707 495 2770 quam
510 2689 568 2752 dno
585 2688 630 2751 six
640 2689 765 2772 juvenes
779 2690 915 2751 extollere
928 2695 1060 2772 possent,

277 2809 394 2872 Extollit
406 2810 549 2872 manibus.
593 2809 794 2872 Denudetrex
809 2809 1008 2886 Calibnmum‚

276 2932 476 3010 Pretensoqne
491 2929 597 3013 Gygen
612 2929 704 3012 clipeo
718 2929 807 3012 petit;
823 2931 870 2993 ille
885 2931 1040 2994 Trivodem

276 3051 423 3113 Extollens
437 3051 545 3112 clavam
559 3051 682 3134 clipeum
697 3051 775 3128 terit,
791 3057 820 3113 et
833 3071 922 3114 sonus
936 3051 1010 3114 ictus

277 3171 373 3233 Litora
386 3175 449 3234 tota
462 3171 567 3253 replet.
610 3173 671 3234 Rex
684 3171 797 3254 impetit
810 3191 880 3236 ense
893 3179 1061 3256 gygantem,

276 3291 392 3378 Etlcrit
404 3293 434 3354 in
447 3293 582 3355 frontem.
625 3293 750 3373 Sanguis
765 3293 802 3355 de
815 3295 910 3357 fronte
923 3294 1078 3372 redundat,
1106 3377 1109 3384 ¹

276 3411 432 3494 Sanguinis
446 3413 525 3476 unda
539 3413 632 3476 fluens
647 3425 765 3478 excecat
779 3415 885 3478 lumina
898 3417 1034 3492 monstri3

275 3535 339 3595 Non
353 3539 450 3596 buren
465 3537 510 3596 est
523 3535 601 3597 lesus
615 3535 691 3597 letali
704 3535 834 3612 vulnere,
851 3555 974 3617 namque

279 3655 424 3738 Opposita
437 3655 534 3735 gladio
548 3657 629 3719 clava
642 3656 675 3719 iit
688 3657 802 3739 parcior
815 3658 900 3721 ictus.

277 3776 379 3839 Aerior
394 3777 513 3839 effectus
527 3783 595 3859 post
607 3779 723 3854 vulnus,
738 3779 830 3840 lemur
842 3777 871 3840 iu
885 3779 980 3861 ipsum

276 3895 413 3958 Vulneris
427 3901 586 3974 auctorem,
600 3897 784 3980 mediumque
798 3899 979 3980 amplectitur
993 3901 1115 3978 bostem,

277 4017 311 4078 Et
324 4035 420 4096 genna
432 4017 470 4080 ad
484 4022 590 4081 terram
604 4020 772 4082 obstrictum
787 4019 904 4082 flectere
918 4020 1007 4102 cogit.

276 4136 395 4200 Viribus
408 4157 551 4221 exurgens
564 4140 719 4222 revocatis,
736 4142 858 4204 marcius
872 4143 959 4206 beros
