3226 5168
347 531 403 594 rol
623 547 727 592 unsri
748 546 862 591 nacon
883 547 1091 594 aurrrnnrrs.

343 662 444 723 Donec
458 680 508 722 rex
523 679 655 742 campum
669 657 858 721 retroduceus
874 658 954 720 lrcna
968 649 1114 736 r'elinquit.

343 783 426 845 lions
440 781 568 844 sublimis
583 785 655 856 erat,
673 778 857 842 circundatus
871 777 998 858 undique
1013 779 1100 852 saxis,

344 903 375 964 ln
390 901 484 964 medio
498 900 615 964 frutices
633 921 639 960 :
656 899 723 962 illuc
738 917 802 962 cum
815 917 885 978 rege
899 897 1029 960 Britanni

343 1021 523 1098 Ascenduut,
538 1020 695 1100 hostesque
711 1039 781 1081 suos
794 1037 848 1081 sua
861 1023 945 1099 terga
959 1023 1111 1100 sequentes

343 1141 503 1222 Expectant
516 1139 582 1216 illic,
598 1139 648 1201 tali
662 1139 818 1202 munimine
831 1137 897 1201 tuti.

342 1263 405 1323 lam
419 1259 499 1322 nocti
511 1259 631 1322 cedente
645 1257 702 1335 dio,
719 1278 773 1321 sua
785 1259 839 1322 sub
854 1258 929 1340 pede
943 1259 1047 1321 montis

344 1381 446 1444 Castra
458 1381 555 1442 locant
568 1380 678 1442 hostes.
721 1380 782 1442 lter
796 1397 864 1440 uero
879 1377 950 1459 quid
962 1379 1000 1441 sit
1013 1379 1157 1459 agendum

344 1499 459 1577 Querit‚
475 1497 608 1579 querenti
622 1497 663 1560 sic
677 1495 736 1560 dux
750 1496 901 1560 Gorlosius
914 1497 1006 1578 iuquit
1022 1519 1027 1558 :

341 1619 357 1646 ‘³
370 1619 444 1692 Quis
458 1618 554 1700 pudor
568 1625 694 1682 armatos
707 1617 815 1680 includi
829 1636 909 1680 more
923 1617 1091 1680 bidentum?

342 1743 405 1804 tam
420 1739 527 1802 dormit
540 1757 654 1820 pagana
667 1739 782 1814 cohors,
798 1757 977 1820 sompnoque
992 1745 1127 1820 paratos

342 1861 403 1923 Nos
417 1863 480 1922 rata
493 1859 633 1922 consimili
645 1858 751 1921 fruitur
765 1877 868 1922 secura
881 1877 987 1940 sopore

342 1983 433 2044 Nocte
448 1985 601 2064 soporatos
614 1981 713 2043 hostes
728 1979 864 2044 invadere
877 1981 965 2042 lerro.
979 1979 993 2003 ’'

343 2103 376 2164 ld
389 2103 494 2184 placat,
510 2105 666 2178 armantur,
683 2100 873 2178 descendunt,
890 2100 956 2163 inde
971 2101 1082 2182 sopitos

342 2223 509 2286 Bachantur
523 2221 642 2302 gladiis;
658 2221 695 2284 dc
710 2239 830 2303 sompno
845 2222 965 2285 suscitat
978 2222 1054 2284 ensis

344 2344 420 2419 lllos,
437 2360 511 2421 quos
525 2340 605 2421 cogit
617 2358 738 2422 sompno
753 2341 879 2403 dormire
893 2343 1042 2423 perhenni.

343 2460 432 2524 Effusi
446 2480 499 2542 per
514 2464 609 2522 castra
623 2479 694 2541 vage
708 2461 766 2522 ruit
778 2461 857 2522 unda
871 2462 993 2536 cruoris,

343 2581 462 2646 Decliuo
477 2580 587 2643 ruitans
602 2580 632 2642 in
646 2582 718 2643 vello
729 2581 895 2664 jacentibus
909 2581 979 2643 ictu.

342 2702 477 2767 Vulneris
491 2701 647 2782 ingeminat
660 2706 780 2764 mortem
795 2721 860 2764 cum
876 2703 993 2766 vulnere
1008 2707 1135 2786 sanguis.

343 2822 475 2904 Corpora
491 2840 621 2884 cesorum
636 2827 786 2885 coacervat
799 2823 947 2903 sanguinis
962 2824 1040 2886 unda

342 2941 433 3004 Vallis
446 2941 476 3004 in
491 2947 629 3017 extremo,
646 2942 781 3005 deluncta
794 2942 935 3005 cadavera
948 2943 1029 3005 firmo

344 3061 435 3126 Obice
449 3059 583 3123 diffusum
597 3059 705 3124 faciunt
718 3066 853 3141 stagnare
868 3081 1010 3124 cruorem.

344 3183 370 3245 0
385 3181 477 3263 pietas
491 3179 664 3261 dampnosa!
679 3182 737 3244 tuis
752 3181 869 3243 nimium
884 3182 959 3262 pius,
977 3184 1051 3245 hosti

343 3301 462 3383 Impius,
479 3301 542 3382 ipse
556 3303 616 3364 suis
630 3303 707 3384 cupit
722 3305 824 3367 Oclnm
839 3323 889 3365 rer
904 3308 933 3364 et
947 3304 1059 3367 Eosam.

343 3422 466 3502 Diffugit
479 3423 567 3484 effera
580 3442 662 3503 gens,
679 3424 741 3504 regi
754 3424 874 3486 victoria
887 3424 974 3486 cedit.

343 3541 443 3604 Victor
457 3540 493 3603 dc
507 3561 597 3622 regno
612 3543 702 3604 uictos
717 3544 887 3606 exterminat
900 3544 1008 3620 hostes,

344 3660 480 3724 Pacificat
492 3679 624 3742 regnum,
638 3663 689 3745 jus
704 3664 803 3740 dictat,
816 3664 1021 3745 J'usliciamque

343 3779 470 3857 Seruari,
485 3781 632 3861 metuique
642 3781 738 3864 jubet,
755 3802 903 3864 ponasque
917 3789 1068 3846 nocentum

343 3901 447 3978 Turul,
462 3905 574 3964 taxatas
589 3903 668 3965 nuilla
681 3903 788 3984 pietate
801 3905 921 3965 relaxat.

383 4023 462 4102 Rege
473 4022 606 4105 jubente,
622 4024 722 4100 duces,
740 4025 845 4102 clerus,
860 4025 1021 4106 reliquique
1035 4031 1168 4108 potentes

344 4142 509 4207 Londouias
522 4143 650 4224 veniunt,
666 4147 776 4208 Pascha
790 4147 957 4228 sollempnia
970 4146 1024 4208 rite
