3226 5168
628 567 728 611 cruca
750 567 887 611 scarus.
1213 550 1268 612 105

240 681 484 746 Concelebratnri.
528 679 615 742 Venit
629 683 659 740 et
673 679 731 742 dux
746 677 952 742 cornubiensis

241 802 312 865 Cum
327 805 461 864 consorte
475 799 562 875 thori,
578 819 634 880 que
648 804 755 879 quanto
772 797 870 862 Cinlia
883 797 973 860 stellis
1207 819 1268 866 290⁰

240 923 275 983 Et
288 922 403 984 Phebus
417 923 496 997 lune,
512 925 593 982 tanto
608 923 706 1002 preest
719 919 768 984 illa
781 918 896 1001 puellis.

240 1044 301 1106 Rex
312 1041 411 1122 igitur,
427 1041 498 1104 visis
513 1039 603 1103 oculis
617 1041 746 1120 facieque
761 1039 887 1114 ducisse,

239 1163 310 1246 Ejus
325 1182 422 1226 amore
436 1163 520 1238 calet,
538 1181 678 1244 nusquam
693 1159 819 1224 declinat
831 1161 868 1223 ab
881 1159 930 1222 ills

240 1283 371 1360 humina,
387 1286 539 1362 torquetur
555 1285 661 1356 mente,
676 1279 778 1359 suique

241 1401 357 1464 Oblitus
372 1402 495 1479 decoris,
512 1401 575 1464 lieri
591 1400 742 1465 Gorlosius
757 1405 848 1482 optat.

241 1521 365 1604 Percipit
379 1541 506 1585 errorem
520 1521 599 1602 regis
614 1520 766 1584 Gorlosius
782 1542 787 1580 :
804 1520 882 1583 uude

240 1642 321 1704 Clam
334 1642 414 1704 venit
427 1641 465 1704 ad
480 1640 602 1722 patriam
618 1659 682 1702 cum
697 1639 835 1722 conjuge.
877 1641 1018 1722 Tangitur
1033 1641 1109 1702 inlus

240 1735 316 1823 Felle
330 1761 439 1824 doloris
454 1779 564 1838 amans,
579 1763 655 1823 terro
670 1760 801 1822 devastat
814 1765 844 1822 et
856 1759 915 1840 igni

240 1881 431 1958 Cornubiam3
448 1880 500 1943 sed
515 1880 572 1942 dux
586 1881 643 1942 duo
658 1878 846 1942 munitissime
860 1885 956 1942 servat

241 2002 369 2084 Oppida,
386 2001 592 2084 Tynlagolnm,
610 2000 687 2080 quod
702 2001 802 2062 circuit
816 1999 942 2080 undique
957 2006 1073 2082 pontus.
1206 2022 1268 2069 asro

241 2121 293 2184 llic
307 2123 426 2202 Ygerna
439 2121 519 2198 latet,
537 2139 647 2184 necnon
661 2126 691 2183 et
705 2119 904 2196 Dimiliocum3

241 2242 330 2314 Quod
344 2241 402 2304 dux
416 2240 586 2322 ingreditur,
602 2241 823 2321 ingressumque
837 2240 951 2303 obsidet
966 2242 1066 2304 Ulber.

240 2363 374 2442 Dumque
389 2363 485 2424 animo
499 2361 600 2424 recolit
614 2363 721 2424 cultum
735 2363 902 2440 vultumque
917 2361 1041 2437 ducisse,

241 2481 272 2542 ln
286 2483 363 2562 regls
378 2481 481 2564 rapide
496 2486 618 2564 serpunt
631 2481 785 2563 precordia
799 2481 925 2556 damme,

241 2601 370 2684 Cumque
384 2621 468 2664 suum
482 2603 577 2664 celare
591 2601 642 2662 diu
656 2621 713 2664 non
728 2605 828 2683 posset
842 2619 978 2675 amorem,

241 2721 366 2804 Ulpbino
381 2722 455 2784 mala
469 2741 525 2802 qne
539 2721 649 2804 patitur
663 2722 716 2783 sub
731 2741 828 2784 amore
841 2724 958 2784 revelat.

239 2840 381 2922 Ulpbinus
395 2840 535 2904 Merlinon
549 2841 621 2918 adit,
638 2841 788 2923 poscitque
803 2840 910 2902 dolenti

240 2961 382 3022 Auxilium
398 2960 471 3041 regi.
517 2961 664 3037 llerlinus,
681 2961 806 3023 carmine
821 2960 910 3036 dicto,

239 3081 332 3142 Mutat
344 3079 373 3142 in
393 3080 514 3161 effigiem
529 3099 626 3161 regern
641 3081 735 3158 ducis,
752 3081 833 3142 addit
846 3086 875 3142 ct
889 3081 944 3162 ipsi

240 3199 364 3282 Ulphino
379 3199 505 3282 speciem
519 3200 638 3262 Jordaui
653 3202 887 3282 Tynlagolcnsis,

240 3319 423 3398 Assumilque
437 3318 521 3381 ducis
535 3319 633 3381 famuli
648 3319 761 3381 Britelis
775 3319 894 3400 ydearn;

239 3438 494 3520 Tyntagolumque
507 3445 620 3520 petunt,
637 3438 762 3501 admittit
775 3440 899 3520 portitor
913 3441 987 3502 illos.

239 3559 300 3621 llex
314 3559 392 3621 subit
406 3563 536 3640 optatum
551 3561 686 3622 talamum
700 3563 826 3640 votoque
840 3560 961 3641 potitur.

239 3679 313 3740 'l'res
327 3683 427 3742 noctes
441 3679 618 3759 totidemque
632 3679 695 3741 dies
709 3680 780 3756 dux,
797 3681 935 3758 creditur,
954 3681 1010 3744 illio

240 3797 405 3874 Continuat,
422 3818 509 3879 quum
524 3819 580 3862 non
596 3805 640 3862 est
654 3819 710 3862 nox
724 3801 807 3863 unica
822 3803 894 3864 tanti

238 3918 278 3981 Ut
291 3921 389 3980 tantun
403 3923 559 3999 generetur
572 3921 672 3997 bomo;
690 3939 755 3984 nam
771 3921 840 3984 dum
853 3922 1071 4002 quadrangulus
1085 3923 1164 3986 orbis

238 4038 387 4115 Hauserit,
404 4041 527 4102 Arturus
543 4044 673 4104 cternmn
687 4059 791 4103 nomen
805 4040 934 4103 babebit.

281 4159 393 4222 lnterca
406 4163 475 4222 nota
488 4163 533 4224 est
546 4161 653 4223 clausis
667 4161 802 4225 absencia
814 4161 903 4242 ragis.
