3226 5168
592 533 695 578 trualt
716 532 873 585 uulnrus.

217 647 256 708 Se
270 665 320 708 rex
332 646 524 728 conspiceret,
540 642 626 706 nimia
640 662 697 705 non
712 642 835 724 imperet
849 643 901 704 ire.

218 763 351 827 Consulit
365 782 435 844 crgo
449 781 550 842 magos
562 762 645 843 regni
658 761 722 842 quis
737 765 884 844 competat
897 761 938 824 itti

216 885 248 948 ln
261 883 381 966 regione
394 885 484 959 locus,
500 881 575 945 utin
589 882 639 945 illo
655 885 803 945 construat
815 884 927 944 urbem.

215 1003 230 1029 ‘¹
241 1005 334 1079 Mons,
350 1003 441 1080 dunt,
457 1001 541 1066 Meris
554 1001 606 1064 tibi
622 1002 765 1082 congruit,
783 1008 815 1064 nt
829 1001 879 1062 tibi
894 1021 992 1066 muros

214 1122 338 1186 Edilices
352 1123 411 1185 illie
425 1126 455 1185 et
467 1122 569 1184 turrim
584 1121 709 1184 nubibus
724 1141 837 1203 equum.
852 1122 867 1146 ”

214 1243 248 1306 td
261 1245 367 1326 placet,
383 1249 412 1306 et
425 1243 519 1306 missis
533 1243 635 1324 tepetis
650 1248 808 1324 congregat
821 1263 920 1307 omnes

213 1364 344 1426 Artifices
358 1364 450 1444 regni.
493 1365 594 1426 Murus
608 1361 756 1440 tundatur,
772 1369 802 1426 et
816 1383 893 1440 ecce,

212 1485 271 1547 ltes
284 1483 429 1547 horrenda
441 1484 537 1560 nimis,
553 1483 691 1565 quioquid
705 1484 818 1546 lucente
831 1487 947 1547 lacertu

212 1604 303 1666 Pbebi
317 1604 465 1681 tundetur,
481 1604 595 1666 Phebes
610 1604 794 1667 contunditur
806 1605 894 1682 bore3

210 1726 359 1805 Molesqne
372 1725 505 1788 absortus
519 1725 606 1788 tellus
620 1725 813 1788 absconditio
826 1725 902 1802 elno,

211 1847 247 1906 Et
261 1843 348 1907 nichil
362 1849 485 1926 apparet
499 1843 536 1907 de
550 1845 724 1927 precedente
738 1845 847 1907 labore.

211 1963 389 2027 Adveniente
403 1963 450 2026 die
463 1963 560 2027 multis
575 1963 657 2026 leber
670 1964 718 2027 ille
732 1963 834 2027 diebus

210 2085 342 2165 Apparet
354 2102 454 2146 cussus
470 2103 477 2144 :
493 2082 559 2146 ideo
573 2087 683 2164 stupet,
700 2087 825 2164 occupat
838 2102 936 2148 omnes

210 2200 343 2264 Artifices
358 2221 490 2284 opernrn.
533 2203 608 2264 'l'nm
622 2222 673 2264 rex
686 2221 828 2284 response
840 2221 991 2284 magorum

209 2321 351 2402 Exquirit,
366 2321 466 2385 dicens
482 2343 489 2382 :
505 2321 520 2348 ‘¹
531 2321 613 2398 Mihi,
629 2341 681 2383 vos
696 2341 769 2402 qnos
784 2341 854 2385 cura
868 2323 1007 2406 laborque

209 2440 309 2504 Mundi
325 2441 467 2518 sollicitat,
484 2443 617 2524 exponite
632 2441 701 2521 qnid
715 2441 753 2504 sit
767 2442 921 2523 agendum,

209 2563 248 2625 Ut
260 2581 381 2644 presens
395 2561 534 2625 consistat
546 2581 621 2644 opus
635 2561 713 2644 qnod
727 2563 826 2626 sorbet
836 2565 972 2647 abyssus.
987 2567 1001 2592 ''

207 2681 397 2764 Respondent
409 2701 523 2744 murum
537 2681 696 2744 consistere
709 2700 808 2764 posse,
824 2704 926 2747 cruore

208 2805 367 2884 Aspersnrn
379 2801 462 2884 parsi
476 2801 565 2882 geniti
579 2801 642 2864 sine
658 2802 765 2864 semine
778 2804 880 2884 patris.

208 2925 269 2986 lter
278 2922 365 3004 jubet
378 2921 487 3002 exquiri
501 2941 555 3003 per
568 2923 651 3003 regni
665 2922 790 2998 climate,
804 2923 829 2986 si
842 2924 907 3004 quis

207 3043 287 3107 Totis
300 3044 465 3107 baberetur.
508 3043 588 3107 Missi
602 3043 670 3106 dum
684 3044 759 3106 forte
772 3043 902 3108 redirent

207 3165 253 3228 nc
267 3185 365 3246 regern
380 3165 477 3228 tristes
491 3165 605 3228 invento
620 3165 734 3228 nemine
749 3165 810 3239 tati,

207 3289 251 3352 nd
265 3285 417 3369 quemdam
433 3287 551 3350 veniunt
565 3289 676 3365 urbem,
692 3287 819 3369 lassique
831 3288 965 3352 sedentes

207 3411 398 3494 conspiciunt
411 3430 518 3493 parvos
532 3410 664 3474 ludentes
677 3409 803 3487 insimul,
821 3431 896 3474 untts

208 3531 338 3604 Quorum
352 3531 502 3607 Mortibus,
519 3535 549 3592 et
563 3530 741 3594 Dinsbncius
755 3533 838 3608 ulter,

206 3652 329 3715 Dicitur.
373 3655 450 3715 lnter
463 3673 525 3730 cos,
542 3653 611 3715 dnm
625 3653 739 3730 ludunt,
755 3653 817 3715 rixa
831 3661 972 3718 movetur.

204 3772 282 3834 Dicit
295 3773 416 3837 Merlino
431 3773 472 3836 sic
487 3772 667 3836 Dinebncins
686 3795 692 3833 ι
709 3773 723 3800 “
736 3775 774 3836 Ut
787 3773 856 3855 quid

205 3891 364 3954 contendis
379 3912 502 3970 meeum,
519 3913 583 3956 cunr
599 3893 640 3956 sis
655 3913 699 3956 nre
713 3895 862 3958 nobititntc

206 4013 344 4075 interior?
360 4035 424 4077 nem
439 4035 502 4078 snnr
516 4017 634 4097 genitus
648 4017 685 4080 de
700 4018 807 4081 semiue
821 4038 933 4099 regum.

205 4133 250 4196 Tn
264 4152 332 4195 vero
348 4135 412 4215 qnis
427 4135 554 4201 nescitur
567 4137 619 4200 sis.
664 4137 735 4204 Cum
750 4138 803 4203 tibi
818 4139 913 4204 nultus
