3226 5168
377 494 435 556 110
650 509 758 556 onera
779 511 892 558 aeeon
916 515 1125 562 narraaaru.

375 621 565 701 Lucanasque
578 620 675 700 gravis
688 621 825 683 tacuisset
840 621 955 686 Cesaris
970 629 1062 702 actus,

374 739 410 802 Et
423 742 534 802 veteres
548 740 647 804 Thebe
662 740 823 804 caruissent
836 747 956 824 perpete
969 743 1055 820 lama,

375 859 407 924 Si
419 859 620 942 precedisseat
633 861 732 924 Artori
746 865 830 942 gesta
844 867 964 945 poetas3

375 981 433 1046 Sed
446 1001 483 1044 ne
497 982 635 1065 depereat
647 987 744 1046 tantus
759 985 820 1047 sine
833 983 967 1050 laudibus
980 985 1078 1064 heros,

374 1103 517 1186 Principis
530 1103 627 1168 invicti
639 1104 740 1168 laudes
754 1107 889 1168 extollere
903 1127 1002 1170 conor.

374 1222 507 1288 Officium
521 1229 615 1288 tamen
630 1245 694 1290 esse
707 1245 802 1290 meum
815 1226 971 1290 uirtutibus
987 1228 1052 1310 ejus

373 1345 493 1408 inferius
507 1349 635 1423 constat;
653 1346 705 1410 sad
718 1366 830 1430 pauper
844 1353 944 1428 gratus
957 1347 993 1410 ad
1009 1367 1088 1411 aram

373 1470 573 1550 deceptusque
587 1469 675 1546 venit,
692 1488 743 1532 nec
757 1469 785 1532 in
799 1469 864 1552 ejas
879 1489 997 1534 munere
1011 1489 1115 1534 numen

373 1588 494 1651 Estimat
506 1590 636 1654 effectum
650 1591 752 1672 precii,
768 1591 821 1655 sed
835 1591 1024 1654 sacrificantis

373 1709 530 1772 hffactnm:
547 1730 604 1773 non
619 1715 663 1772 est
676 1710 824 1792 aocepcior
838 1711 932 1774 hostia
946 1711 1039 1788 Cresi,

372 1831 496 1894 Mactata
511 1831 612 1909 vitulo,
629 1850 713 1912 quam
728 1850 794 1895 caso
809 1832 945 1913 pauperis
960 1851 1046 1913 agno.

413 1951 592 2017 Conveniunt
604 1953 704 2033 igitur,
719 1953 855 2016 defuncto
869 1972 950 2035 rege,
964 1955 1095 2018 Britanni

372 2073 568 2153 hrturumque
581 2074 673 2154 patris
687 2073 803 2156 dignum
819 2073 982 2138 diademate
996 2081 1124 2153 censent,

371 2191 410 2254 Ut
423 2211 508 2274 quem
522 2193 702 2256 commendat
715 2194 817 2258 mentis
831 2195 1008 2272 constancia,
1025 2195 1132 2260 Christi

373 2311 484 2390 Gratia,
500 2315 583 2395 larga
595 2334 707 2392 manus,
723 2315 814 2379 virtus
827 2315 941 2392 invicta,
959 2315 1069 2380 diserta

372 2433 494 2514 Lingua,
510 2433 598 2498 decor
611 2438 719 2512 vultus,
734 2435 887 2514 discrecio,
904 2436 1023 2500 dextera
1036 2438 1130 2501 tortis.

370 2555 433 2618 lam
446 2559 508 2618 tum
521 2557 742 2638 quinquennem,
758 2559 866 2639 populo
879 2558 1036 2640 plaudente
1050 2559 1200 2637 Britanno,

371 2675 558 2758 archipresul
570 2695 636 2740 eum
649 2677 821 2760 Dubricins,
836 2679 986 2742 associatis
1235 2651 1238 2658 Δ

371 2797 537 2860 Presulibus
551 2799 646 2879 regni,
661 2797 824 2861 diademate
837 2799 915 2880 rep's
928 2801 1060 2864 honorat.

370 2917 431 2980 Rex
445 2937 536 2980 novus
550 2937 632 3000 ergo,
649 2938 723 2980 novo
737 2938 795 2982 non
810 2919 984 3002 depravatus
998 2922 1119 2998 honore,

370 3039 450 3102 llere
464 3039 532 3102 colit
546 3040 692 3104 Christum
707 3045 860 3117 consuet03
876 3041 974 3123 largus
988 3043 1019 3104 in
1033 3063 1132 3106 omnes

370 3160 488 3242 Spargit
502 3179 583 3243 opes,
600 3162 807 3244 Britonumque
821 3161 897 3226 datis
912 3164 1038 3243 adquirit
1051 3185 1176 3228 amorem

371 3281 551 3361 Muneribus,
567 3283 658 3346 munit
670 3284 779 3347 munito
793 3285 882 3347 milite
896 3303 1028 3365 regnum.

410 3403 523 3466 lnterea
535 3403 660 3466 subitum
673 3404 751 3483 regis
766 3402 919 3468 Germania
933 3425 1031 3468 oasam

371 3521 522 3601 Audierat,
538 3525 684 3604 formaque
698 3543 766 3588 suos
779 3525 978 3589 transmiserat
990 3526 1058 3588 illuc

370 3646 430 3708 Sub
444 3645 518 3708 duca
532 3645 678 3726 Colgrino.
723 3646 781 3719 Qui
794 3665 915 3728 regnum
933 3647 1154 3730 depopulantes,

370 3765 401 3827 ln
415 3767 553 3847 populum
566 3766 725 3848 populique
739 3767 839 3830 domos
853 3768 1013 3830 bachantur
1026 3769 1055 3830 ia
1068 3769 1146 3850 igne,

369 3885 405 3946 Et
418 3884 516 3965 gladio
530 3885 637 3967 passim
651 3885 795 3968 perimunt
804 3887 987 3969 juvenesque
1000 3907 1156 3968 senesque;

369 4005 405 4068 Et
417 4007 527 4068 lactans
540 4007 706 4086 lacteusque
722 4005 816 4083 simul,
833 4007 989 4088 insonsque
1002 4028 1177 4088 nocensque,

368 4127 461 4188 Morte
475 4126 538 4208 pari
553 4126 718 4208 pereuntia
732 4128 838 4208 templa
852 4128 1004 4209 nephanda
1018 4128 1148 4190 deorum.
