3226 5168
633 565 735 610 hlBBR
756 565 919 610 ocultus

259 675 433 737 Horrisouos
446 675 569 738 tonitrus
583 676 685 737 reboat
697 675 867 739 resonabilis
880 676 991 739 Eucho.

258 795 399 877 Exequias
413 797 468 860 rivi
482 797 552 860 iacit
567 817 638 860 uxor
653 803 742 860 mesta
757 798 862 861 meriti.

298 919 411 980 lntcrea
425 917 551 981 Occeani
566 919 696 981 sulcatur
711 919 853 982 classibus
869 939 969 1000 equor,

259 1041 289 1101 ln
304 1039 408 1118 quibus
423 1040 553 1103 Occasus
568 1060 651 1120 reges
665 1061 860 1122 proceresque
873 1042 1005 1106 seruntur

259 1159 304 1222 hd
317 1161 442 1222 Barbam
455 1159 572 1224 flurium
588 1181 653 1224 cum
666 1163 759 1224 turbis
774 1163 995 1244 prenomeratis.

258 1283 295 1342 at
308 1301 359 1344 rex
373 1281 472 1362 regine
487 1302 584 1344 curam
599 1285 738 1364 regnique
752 1283 892 1346 llodredo

259 1401 427 1477 Committit,
444 1407 617 1484 portumque
631 1404 703 1484 petit
717 1405 766 1484 qui
782 1405 887 1466 dicitur
901 1405 1033 1469 Hunton.

259 1523 365 1585 Occius
380 1523 540 1586 ascendunt
554 1525 685 1600 classem,
702 1525 772 1586 daut
786 1525 874 1588 lintea
888 1532 984 1588 vento.

257 1643 347 1704 Nocte
363 1643 422 1704 lere
437 1642 531 1705 media
544 1663 595 1706 rex
609 1645 763 1725 sompniat,
781 1651 809 1705 et
823 1644 878 1706 sibi
894 1645 986 1724 visum
1002 1652 1046 1706 est
1063 1669 1068 1706 :

259 1763 349 1826 Ursus
363 1765 399 1825 ab
414 1765 553 1845 Hyspaua
568 1765 653 1846 plaga
667 1765 755 1838 scuit,
772 1771 801 1826 et
815 1765 903 1826 draco
918 1765 998 1828 dirus

257 1885 358 1965 Surgit
372 1886 408 1946 ab
422 1885 551 1947 australi.
595 1886 704 1948 Bellum
718 1885 906 1946 committitur
920 1887 1022 1965 ingens

258 2006 335 2066 luter
348 2023 414 2080 eos;
431 2006 546 2068 undem
561 2004 642 2068 dirus
658 2006 766 2069 dracho
779 2007 910 2088 prevalet
924 2027 1002 2068 urso.

256 2125 401 2206 Evigilens
414 2145 468 2189 sua
482 2125 583 2188 recolit
596 2127 739 2208 sompnia,
756 2126 817 2187 visu
831 2128 939 2188 revolat

258 2246 434 2326 Auguribus,
450 2265 573 2327 cruorum
588 2245 675 2310 Gerio
690 2245 874 2308 doctissimus
889 2246 979 2326 iuquit
998 2269 1003 2306 :

256 2366 270 2391 “
283 2368 325 2428 Te
340 2367 447 2429 dracho
462 2368 621 2448 presignat,
639 2369 788 2442 bouerex,
807 2386 950 2447 ursosque
964 2373 1120 2447 gygantum

258 2489 352 2560 Quem
367 2488 547 2550 conculcabis
561 2487 669 2568 gladio,
686 2487 797 2550 cervice
812 2487 914 2548 recisa.
928 2485 944 2510 '’

257 2609 389 2672 Crastina
402 2610 451 2671 lux
465 2608 570 2684 oritur,
587 2607 679 2689 optati
692 2607 777 2670 litora
790 2601 909 2688 portus'

256 2732 331 2794 'lota
344 2737 424 2795 tenet
437 2730 547 2794 classis.
590 2730 636 2790 De
650 2728 773 2792 naribus
788 2728 976 2808 egrediuntur

256 2851 292 2913 ut
304 2871 359 2914 sua
372 2857 468 2914 castra
481 2852 586 2913 locant.
630 2853 737 2912 hrturo
752 2849 826 2911 famo
839 2853 994 2931 gygantem

256 2973 414 3036 Advenisse
428 2975 527 3048 refert,
544 2977 573 3035 et
586 2976 701 3054 neptem
715 2970 793 3051 regis
808 2970 889 3032 Hocli

255 3094 442 3176 Subripuissc
457 3094 604 3168 Helenam,
621 3091 784 3170 montisque
797 3095 896 3153 unere
911 3109 1046 3154 cacumen

255 3215 339 3277 Hand
353 3215 457 3296 procul
470 3213 538 3276 inde
552 3213 612 3274 siti.
656 3211 715 3283 Qui
729 3230 794 3274 cum
808 3211 896 3272 maris
910 3216 1005 3273 estuat
1021 3213 1108 3290 uuila,

255 3337 351 3399 lnsula
363 3337 410 3412 lit3
427 3355 492 3399 cum
505 3357 537 3400 se
551 3335 683 3411 ratrahit,
700 3333 791 3397 facilis
804 3332 890 3396 datur
904 3332 971 3396 illuc

256 3459 407 3538 logrossus
421 3457 556 3539 pedibus.
597 3458 659 3519 Rex
672 3454 739 3518 illuc
752 3455 817 3530 rite,
834 3455 948 3517 dnobus

256 3578 416 3640 Contentus
430 3576 528 3653 sociis,
544 3577 627 3658 Keyo
642 3576 725 3637 simul
740 3581 768 3637 ot
783 3575 927 3650 heduero,

254 3699 343 3762 Ducit
356 3699 427 3773 iter;
445 3703 613 3776 montesque
628 3697 712 3770 duos,
729 3715 850 3776 quorum
865 3696 957 3758 minor
970 3697 1053 3774 alter,

256 3820 456 3902 Conspiciuut,
469 3835 647 3898 magnosque
660 3819 740 3880 iocos
754 3817 783 3878 in
799 3821 920 3896 utroque
935 3817 1087 3893 micantes,

256 3941 391 4021 lgnorant
405 3940 433 4001 in
448 3959 505 4018 quo
520 3943 634 4000 maneat
648 3955 713 4000 cum
727 3936 839 4016 virgine
853 3942 962 4018 raptor.

256 4063 286 4122 ln
301 4079 392 4141 parva
405 4059 518 4122 vehitur
530 4059 646 4121 lleducs
659 4059 776 4140 picerua
792 4059 922 4140 phaselo,

256 4183 353 4256 Solus,
368 4186 402 4244 ut
415 4181 545 4262 exploret
560 4179 623 4260 quis
637 4199 719 4241 mous
734 4179 772 4240 sit
785 4180 893 4241 mansio
907 4183 1044 4256 monstri;

1226 1188 1287 1236 asto

1227 2395 1286 2439 3600
