3226 5168
589 489 692 534 utun
712 490 890 536 struimus.

224 597 366 662 Ecclesiae
381 603 507 678 vertum,
524 601 601 664 nulla
614 606 659 665 est
672 602 838 665 reverencia
851 603 926 666 sacri

225 719 357 796 Ordinis,
373 729 402 783 et
415 721 522 786 Christi
535 741 639 786 nomeu
654 723 767 786 deletur
781 724 817 785 ah
831 725 970 787 Humhro.

223 839 270 904 Ad
284 840 458 906 Cathinense
471 843 575 907 fretum
589 845 697 908 cedunt
710 843 808 908 diuina
821 844 990 928 prophanis.

222 961 285 1025 Rex
297 961 393 1024 tremit
406 963 504 1026 audita
517 964 681 1028 miserenda
695 969 793 1046 strage
807 983 937 1042 suorum,

224 1081 391 1165 Congregat
405 1102 475 1166 ergo
489 1105 556 1149 suas
571 1087 647 1150 acies
660 1092 689 1150 et
701 1089 793 1150 fertur
805 1088 835 1150 in
848 1088 959 1151 hostes.

223 1203 263 1266 Ut
275 1204 321 1267 leo
331 1204 454 1288 jejunus
468 1207 578 1272 sicienti
591 1209 673 1272 fauce
687 1227 819 1272 cruorem

222 1324 327 1388 Fertur
342 1324 372 1388 in
386 1331 556 1406 armentum,
573 1327 617 1390 six
631 1328 759 1392 Saxones
772 1328 884 1410 impetit
896 1329 995 1392 heros.

221 1445 349 1508 Marcius
363 1447 524 1512 Eboracum
538 1448 671 1527 tendens,
686 1451 735 1513 uhi
750 1451 878 1514 Smones
892 1470 957 1515 esse

221 1567 311 1630 Fama
323 1569 423 1647 refert,
439 1589 503 1634 cum
518 1575 604 1652 gente
617 1591 671 1634 sua
684 1591 735 1634 rex
748 1571 846 1635 obviat
859 1571 925 1634 illis.

221 1687 369 1769 Perpetuo
384 1709 472 1752 cursu
485 1691 597 1774 rapitur
610 1692 767 1754 Doutasius
781 1692 895 1772 empuis

221 1807 308 1884 lltuc;
325 1815 499 1874 concurrunt
510 1811 577 1874 hinc
590 1811 731 1894 perfidus,
746 1811 815 1873 inde
828 1811 931 1875 tidelis.

222 1927 358 2000 Quantus
371 1949 452 1993 amor
465 1931 547 2012 regni
561 1931 718 1996 communis
732 1937 831 2014 tangat
844 1941 1010 2016 utrumque,

221 2049 286 2112 ictu
299 2053 374 2112 teste
386 2053 507 2132 prohat;
523 2071 579 2134 par
592 2056 637 2114 est
650 2051 801 2132 utriusque
816 2053 947 2116 voluntas

220 2169 330 2246 Partis,
345 2174 376 2233 et
389 2171 508 2234 affectus
522 2171 675 2252 adquirere
688 2172 827 2253 sanguine
840 2190 973 2254 regnum.

221 2289 351 2370 Utraque
364 2310 433 2374 pars
446 2292 475 2355 in
489 2296 572 2374 parte
585 2291 671 2374 perit,
686 2311 755 2376 pars
768 2293 909 2373 mergitur
923 2313 1038 2376 empne,

220 2411 295 2472 Pars
309 2411 388 2474 cadit
400 2431 468 2476 ense
481 2413 554 2476 iero.
597 2415 668 2477 Post
680 2415 771 2477 iactus
784 2414 911 2494 undique
926 2415 1012 2478 cedes

221 2533 295 2596 Pars
309 2552 423 2616 pagana
437 2535 521 2617 sugit,
538 2536 688 2600 cedentem
701 2537 822 2599 verbere
839 2536 955 2600 cedens.

222 2658 348 2720 Arturus
362 2657 492 2740 sequitur
505 2657 664 2740 ingressos,
680 2659 794 2722 obsidet
807 2661 910 2722 urbem

221 2776 399 2854 Eboracum3
415 2778 566 2861 perinane
580 2780 676 2843 volant
688 2779 831 2860 utrimque
845 2780 960 2861 sagitte.

221 2899 284 2963 Nec
297 2918 389 2977 mora,
404 2901 595 2984 Baldutphua,
612 2901 741 2984 Cclgriui
754 2903 854 2979 irater,
870 2903 910 2965 ad
923 2904 1024 2966 urbem

223 3019 381 3082 Obsessam
392 3021 497 3098 tendit,
513 3026 643 3086 statuens
657 3022 694 3086 de
708 3027 793 3086 nocte
806 3023 960 3086 Britannos

222 3141 349 3202 Securos
364 3141 450 3204 armis
465 3141 613 3205 invadere.
657 3143 807 3226 Comperit
818 3144 882 3226 ejus

223 3260 347 3323 Arturus
360 3261 508 3340 fraudem3
524 3281 609 3344 quem
621 3263 724 3327 fraude
737 3266 876 3346 repellere
890 3270 973 3328 caute

223 3381 432 3461 premortuus,
448 3384 558 3467 equites
572 3389 722 3450 sexcentos
735 3386 823 3448 mittit
835 3387 865 3450 in
879 3387 944 3470 ejus

224 3503 396 3581 Occursum,
411 3504 598 3588 peditumque
612 3506 696 3570 simul
710 3507 766 3569 tria
781 3507 859 3570 milia
871 3513 955 3570 nocte

223 3621 284 3684 Sub
299 3622 372 3686 duce
386 3623 548 3704 cornubie;
564 3645 649 3708 quem
664 3627 733 3692 dum
747 3627 927 3711 Bnldulphua
942 3633 971 3691 et
985 3629 1050 3711 ejus

224 3741 344 3822 Agmina
357 3747 537 3825 pretereunt‚
552 3745 693 3808 invadunt
706 3764 809 3827 agmen
823 3747 930 3810 inerme

224 3863 335 3925 Armati
350 3863 492 3926 Britones.
535 3867 645 3928 Bellum
660 3867 845 3930 committitur
858 3867 965 3949 impar;

223 3982 295 4044 Nam
309 3981 404 4045 nudos
418 3987 528 4046 armata
541 3985 645 4050 cohors
658 4005 716 4050 non
729 3986 927 4068 percucientes

224 4103 374 4165 interimit.
417 4105 476 4166 Dat
490 4109 572 4186 terga
585 4106 653 4186 iuge
669 4107 838 4170 Germanica
851 4109 946 4171 turba.
