3206 5134
559 509 663 552 bruun
684 507 871 553 SECUNDUS.

197 621 322 685 Alterius
336 623 447 700 Regou,
464 639 568 680 nomeu
583 617 710 680 Cordiila
729 616 858 692 minoris,

199 743 281 816 Quas
294 746 377 824 poter
391 741 504 804 illorum
517 757 622 819 megno
637 737 736 801 dilexit
750 755 858 814 aurore,

197 863 353 927 Cordillam
368 861 479 945 mojore
493 865 598 922 iumen.
640 857 833 939 vergentibus
846 859 911 941 ejus

195 986 290 1048 Annis
304 984 334 1045 in
348 984 470 1060 senium,
486 981 609 1064 primam
624 980 665 1043 sic
678 984 800 1062 temptat
814 984 844 1042 oi
857 979 949 1061 inquii
967 1004 973 1043 :

195 1106 210 1132 ‘³
223 1105 280 1167 Dic
293 1103 373 1182 mihi,
389 1103 437 1165 dic
451 1107 588 1184 quonium
603 1119 649 1164 me
662 1100 770 1181 diligis.
784 1100 799 1125 '¹
840 1101 891 1163 illu
904 1105 1019 1183 roganti

195 1225 363 1308 Respondet
379 1246 385 1285 :
402 1224 417 1250 ‘¹
428 1223 522 1285 Nichil
535 1243 600 1286 osse
613 1227 711 1304 potest
725 1223 803 1302 quod
817 1223 912 1285 curius
926 1229 1004 1288 extet

195 1349 240 1409 Te
254 1346 333 1422 mihi,
349 1365 415 1408 cere
430 1349 524 1428 puber.
538 1343 553 1368 '’
595 1346 777 1426 Responsum
791 1365 842 1406 rex
856 1345 1000 1410 adulentis

196 1467 359 1548 Approbet,
376 1469 405 1526 ci
419 1464 490 1526 dicit
507 1486 514 1526 :
530 1463 621 1526 “Tuo
634 1463 672 1525 sit
686 1483 754 1546 pers
768 1465 852 1526 tertie
865 1467 959 1546 regni,

195 1587 270 1648 Filio
283 1605 360 1661 carc,
376 1584 442 1660 mei,
458 1603 654 1665 generumque
669 1584 738 1646 mibi
753 1603 924 1665 generosum

195 1709 243 1770 Tu
257 1725 399 1786 generose
412 1705 508 1768 dabis.
521 1705 537 1730 ’²
577 1707 677 1786 Regno
692 1705 805 1785 quesita
819 1707 933 1787 roganti

195 1829 246 1890 Sic
261 1827 411 1908 respoudit
425 1827 450 1888 ei
464 1826 540 1889 siout
553 1825 744 1908 responderat
757 1826 823 1909 ejus

195 1949 271 2010 Ante
285 1967 379 2010 soror.
422 1947 502 2010 Sicut
515 1947 688 2028 promiserat
701 1951 768 2010 onie
782 1948 887 2029 sorori,

195 2069 249 2131 Sic
260 2067 404 2150 promittit
417 2067 455 2130 ei.
500 2067 640 2140 Querenii
653 2069 735 2130 tertio
751 2068 839 2150 petri,

195 2191 379 2270 Responsum
394 2187 520 2266 ramnus,
537 2207 621 2268 quem
636 2187 766 2250 blandire
782 2209 897 2252 sorores

195 2308 357 2392 Conspicit,
373 2308 467 2390 inquit
484 2331 490 2370 :
507 2309 522 2335 ‘¹
534 2310 587 2386 Eo,
604 2310 718 2390 genitor
731 2310 893 2388 karissime,
908 2316 1019 2375 tontum

193 2431 292 2510 Diligo
308 2435 336 2492 te
350 2433 461 2512 petrem
476 2449 532 2511 quo
546 2429 606 2492 iilic
619 2431 706 2494 debet
719 2451 826 2495 emere.

193 2553 225 2616 Si
240 2571 300 2614 non
314 2551 419 2614 suffieit
433 2551 499 2632 boc,
514 2557 543 2614 et
557 2553 582 2614 si
596 2553 639 2616 ris
653 2553 760 2616 certior
774 2573 849 2631 esse,

193 2673 282 2750 Audi,
298 2692 366 2734 vere
380 2673 483 2754 loquar
499 2694 506 2734 :
524 2678 661 2756 quantum
676 2678 704 2735 te
718 2679 831 2737 constat
845 2676 963 2754 habere,

193 2794 282 2857 Tanti
295 2799 324 2856 be
338 2794 415 2871 dico,
432 2799 543 2857 tentum
557 2799 586 2858 to
601 2795 691 2876 diligo
705 2815 805 2877 porro.
820 2795 835 2820 ’'

193 2918 255 2979 Rex
269 2921 351 2978 retus
364 2922 409 2978 cst
424 2917 581 2997 quodcum
596 2937 649 2978 sua
660 2915 722 2980 iilic
735 2917 873 2998 despioii5
891 2920 966 2982 unde

193 3037 242 3099 Sic
256 3037 361 3098 cffeiur
375 3055 437 3098 cam
454 3058 460 3097 :
477 3037 493 3062 “
506 3037 582 3109 Quia
596 3038 688 3120 putris
702 3037 828 3120 despicis
842 3059 943 3115 annos,

193 3159 236 3218 To
252 3177 368 3237 quoque
384 3155 556 3239 despiciam
571 3176 663 3238 regno
677 3159 821 3221 decorabo
835 3179 950 3222 sorores

193 3277 436 3358 Coniugibusque
449 3282 526 3340 tuns.
569 3279 615 3340 Tu
629 3279 712 3359 regni
725 3281 818 3358 tocius
832 3302 936 3364 expers

193 3399 387 3478 Exheresque,
405 3397 468 3460 viro
482 3399 715 3480 nubesssiforte
728 3401 847 3463 meritus

193 3521 308 3581 Ducere
321 3523 351 3580 be
365 3518 426 3581 sine
440 3519 508 3582 dote
522 3503 600 3582 velit.
613 3520 629 3546 ''
672 3522 751 3594 Quid
764 3525 868 3606 plura?
908 3527 1022 3592 Puelies

192 3641 351 3718 Prodicies,
366 3641 449 3721 regni
463 3642 558 3704 medie
572 3663 637 3707 curn
651 3650 744 3726 parte,
762 3645 875 3708 duobus

194 3762 354 3844 conjungit
365 3763 497 3841 ducibus,
513 3766 568 3828 elia
582 3767 636 3828 sibi
649 3777 732 3849 porte
746 3768 845 3830 relicto

192 3883 270 3946 Duru
284 3883 371 3945 vieni.
405 3885 519 3948 ‘Totum
533 3905 655 3967 regnum
671 3888 803 3950 concedit
816 3890 978 3955 habendum

195 4003 265 4065 Posi
279 4023 333 4066 sue
346 4005 405 4066 iaia
419 4006 478 4068 suis
492 4009 618 4088 generis,
635 4015 752 4092 experte
766 4012 886 4074 minore.

234 4124 346 4186 interce
360 4125 481 4188 celebris
495 4128 671 4193 Francorum
684 4131 762 4212 regis
777 4133 814 4195 ed
827 4152 913 4196 eures
