<?xml version="1.0" encoding="UTF-8"?>
<!DOCTYPE html PUBLIC "-//W3C//DTD XHTML 1.0 Transitional//EN"
    "http://www.w3.org/TR/xhtml1/DTD/xhtml1-transitional.dtd">
<html xmlns="http://www.w3.org/1999/xhtml" xml:lang="en" lang="en">
 <head>
  <title>
</title>
<meta http-equiv="Content-Type" content="text/html;charset=utf-8" />
  <meta name='ocr-system' content='tesseract 3.04.00' />
  <meta name='ocr-capabilities' content='ocr_page ocr_carea ocr_par ocr_line ocrx_word'/>
</head>
<body>
  <div class='ocr_page' id='page_1' title='image "./gestaregumbrita00assogoog_0192.png"; bbox 0 0 3226 5168; ppageno 0'>
   <div class='ocr_carea' id='block_1_1' title="bbox 600 522 883 566">
    <p class='ocr_par' dir='ltr' id='par_1_1' title="bbox 600 522 883 566">
     <span class='ocr_line' id='line_1_1' title="bbox 600 522 883 566; baseline -0.007 0"><span class='ocrx_word' id='word_1_1' title='bbox 600 522 702 566; x_wconf 75' lang='lat' dir='ltr'>LIBER</span> <span class='ocrx_word' id='word_1_2' title='bbox 723 522 883 566; x_wconf 63' lang='lat' dir='ltr'><strong>DECIMUS.</strong></span> 
     </span>
    </p>
   </div>
   <div class='ocr_carea' id='block_1_2' title="bbox 227 632 1078 1442">
    <p class='ocr_par' dir='ltr' id='par_1_2' title="bbox 229 632 933 716">
     <span class='ocr_line' id='line_1_2' title="bbox 229 632 933 716; baseline -0.01 -15"><span class='ocrx_word' id='word_1_3' title='bbox 229 637 310 701; x_wconf 87' lang='lat' dir='ltr'><strong>Serit</strong></span> <span class='ocrx_word' id='word_1_4' title='bbox 323 637 353 698; x_wconf 93' lang='lat' dir='ltr'><strong>in</strong></span> <span class='ocrx_word' id='word_1_5' title='bbox 367 640 513 716; x_wconf 80' lang='lat' dir='ltr'><strong>agrestes;</strong></span> <span class='ocrx_word' id='word_1_6' title='bbox 531 636 638 697; x_wconf 84' lang='lat' dir='ltr'><strong>nullum</strong></span> <span class='ocrx_word' id='word_1_7' title='bbox 653 653 724 696; x_wconf 86' lang='lat' dir='ltr'><strong>suus</strong></span> <span class='ocrx_word' id='word_1_8' title='bbox 738 632 811 694; x_wconf 89' lang='lat' dir='ltr'><strong>ordo</strong></span> <span class='ocrx_word' id='word_1_9' title='bbox 825 637 933 695; x_wconf 88' lang='lat' dir='ltr'><strong>tuetur.</strong></span> 
     </span>
    </p>

    <p class='ocr_par' dir='ltr' id='par_1_3' title="bbox 228 756 959 838">
     <span class='ocr_line' id='line_1_3' title="bbox 228 756 959 838; baseline -0.008 -17"><span class='ocrx_word' id='word_1_10' title='bbox 228 759 354 822; x_wconf 79' lang='lat' dir='ltr'><strong>Infantes</strong></span> <span class='ocrx_word' id='word_1_11' title='bbox 368 761 532 836; x_wconf 77' lang='lat' dir='ltr'><strong>matresque</strong></span> <span class='ocrx_word' id='word_1_12' title='bbox 545 775 608 832; x_wconf 86' lang='lat' dir='ltr'><strong>sue,</strong></span> <span class='ocrx_word' id='word_1_13' title='bbox 621 756 804 838; x_wconf 88' lang='lat' dir='ltr'><strong>juvenesque</strong></span> <span class='ocrx_word' id='word_1_14' title='bbox 819 772 959 834; x_wconf 85' lang='lat' dir='ltr'><strong>senesque</strong></span> 
     </span>
    </p>

    <p class='ocr_par' dir='ltr' id='par_1_4' title="bbox 229 875 996 1079">
     <span class='ocr_line' id='line_1_4' title="bbox 229 875 905 961; baseline -0.012 -18"><span class='ocrx_word' id='word_1_15' title='bbox 229 879 308 950; x_wconf 88' lang='lat' dir='ltr'><strong>Cede</strong></span> <span class='ocrx_word' id='word_1_16' title='bbox 321 879 384 961; x_wconf 84' lang='lat' dir='ltr'><strong>peri</strong></span> <span class='ocrx_word' id='word_1_17' title='bbox 398 881 536 961; x_wconf 88' lang='lat' dir='ltr'><strong>pereunt;</strong></span> <span class='ocrx_word' id='word_1_18' title='bbox 555 877 623 940; x_wconf 87' lang='lat' dir='ltr'><strong>nulli</strong></span> <span class='ocrx_word' id='word_1_19' title='bbox 639 896 691 940; x_wconf 87' lang='lat' dir='ltr'><strong>sue</strong></span> <span class='ocrx_word' id='word_1_20' title='bbox 706 875 819 958; x_wconf 83' lang='lat' dir='ltr'><strong>proiicit</strong></span> <span class='ocrx_word' id='word_1_21' title='bbox 832 881 905 938; x_wconf 84' lang='lat' dir='ltr'><strong>etus.</strong></span> 
     </span>
     <span class='ocr_line' id='line_1_5' title="bbox 270 995 996 1079; baseline -0.006 -17"><span class='ocrx_word' id='word_1_22' title='bbox 270 999 430 1076; x_wconf 85' lang='lat' dir='ltr'><strong>Osueldus,</strong></span> <span class='ocrx_word' id='word_1_23' title='bbox 446 1017 548 1079; x_wconf 85' lang='lat' dir='ltr'><strong>regum</strong></span> <span class='ocrx_word' id='word_1_24' title='bbox 562 996 772 1071; x_wconf 80' lang='lat' dir='ltr'><strong>sanctissimus,</strong></span> <span class='ocrx_word' id='word_1_25' title='bbox 787 1014 867 1058; x_wconf 82' lang='lat' dir='ltr'><strong>erma</strong></span> <span class='ocrx_word' id='word_1_26' title='bbox 880 995 996 1058; x_wconf 87' lang='lat' dir='ltr'><strong>Peondc</strong></span> 
     </span>
    </p>

    <p class='ocr_par' dir='ltr' id='par_1_5' title="bbox 229 1108 1078 1202">
     <span class='ocr_line' id='line_1_6' title="bbox 229 1108 1078 1202; baseline -0.008 -18"><span class='ocrx_word' id='word_1_27' title='bbox 229 1123 305 1184; x_wconf 88' lang='lat' dir='ltr'><strong>Dum</strong></span> <span class='ocrx_word' id='word_1_28' title='bbox 319 1121 445 1202; x_wconf 80' lang='lat' dir='ltr'><strong>ingeret,</strong></span> <span class='ocrx_word' id='word_1_29' title='bbox 461 1119 548 1182; x_wconf 86' lang='lat' dir='ltr'><strong>sociis</strong></span> <span class='ocrx_word' id='word_1_30' title='bbox 562 1137 660 1182; x_wconf 89' lang='lat' dir='ltr'><strong>secum</strong></span> <span class='ocrx_word' id='word_1_31' title='bbox 674 1117 851 1199; x_wconf 79' lang='lat' dir='ltr'><strong>fugientibus</strong></span> <span class='ocrx_word' id='word_1_32' title='bbox 864 1116 956 1196; x_wconf 90' lang='lat' dir='ltr'><strong>inquit</strong></span> <span class='ocrx_word' id='word_1_33' title='bbox 974 1139 980 1178; x_wconf 91' lang='lat'>:</span> <span class='ocrx_word' id='word_1_34' title='bbox 1074 1108 1078 1116; x_wconf 87' lang='grc'><strong>’</strong></span> 
     </span>
    </p>

    <p class='ocr_par' dir='ltr' id='par_1_6' title="bbox 227 1238 942 1319">
     <span class='ocr_line' id='line_1_7' title="bbox 227 1238 942 1319; baseline -0.008 -14"><span class='ocrx_word' id='word_1_35' title='bbox 227 1242 242 1268; x_wconf 78' lang='grc'><strong><em>“</em></strong></span> <span class='ocrx_word' id='word_1_36' title='bbox 256 1243 281 1306; x_wconf 92' lang='lat'>0</span> <span class='ocrx_word' id='word_1_37' title='bbox 298 1241 402 1304; x_wconf 85' lang='lat' dir='ltr'><strong>devote</strong></span> <span class='ocrx_word' id='word_1_38' title='bbox 415 1241 480 1303; x_wconf 90' lang='lat' dir='ltr'><strong>Deo</strong></span> <span class='ocrx_word' id='word_1_39' title='bbox 494 1239 660 1319; x_wconf 81' lang='lat' dir='ltr'><strong>Christique</strong></span> <span class='ocrx_word' id='word_1_40' title='bbox 674 1238 833 1302; x_wconf 84' lang='lat' dir='ltr'><strong>domestice</strong></span> <span class='ocrx_word' id='word_1_41' title='bbox 846 1238 942 1302; x_wconf 85' lang='lat' dir='ltr'><strong>turba!</strong></span> 
     </span>
    </p>

    <p class='ocr_par' dir='ltr' id='par_1_7' title="bbox 229 1360 975 1442">
     <span class='ocr_line' id='line_1_8' title="bbox 229 1360 975 1442; baseline -0.005 -16"><span class='ocrx_word' id='word_1_42' title='bbox 229 1361 387 1426; x_wconf 87' lang='lat' dir='ltr'><strong>Submissis</strong></span> <span class='ocrx_word' id='word_1_43' title='bbox 401 1361 535 1424; x_wconf 86' lang='lat' dir='ltr'><strong>menibus</strong></span> <span class='ocrx_word' id='word_1_44' title='bbox 549 1365 579 1424; x_wconf 88' lang='lat' dir='ltr'><strong>et</strong></span> <span class='ocrx_word' id='word_1_45' title='bbox 592 1360 723 1442; x_wconf 86' lang='lat' dir='ltr'><strong>supplice</strong></span> <span class='ocrx_word' id='word_1_46' title='bbox 737 1379 808 1422; x_wconf 82' lang='lat' dir='ltr'><strong>uoce</strong></span> <span class='ocrx_word' id='word_1_47' title='bbox 822 1379 975 1442; x_wconf 89' lang='lat' dir='ltr'><strong>precemur</strong></span> 
     </span>
    </p>
   </div>
   <div class='ocr_carea' id='block_1_3' title="bbox 229 1481 1260 1683">
    <p class='ocr_par' dir='ltr' id='par_1_8' title="bbox 229 1481 1260 1683">
     <span class='ocr_line' id='line_1_9' title="bbox 229 1481 905 1563; baseline -0.003 -17"><span class='ocrx_word' id='word_1_48' title='bbox 229 1488 383 1546; x_wconf 78' lang='lat' dir='ltr'><strong>Auctorem</strong></span> <span class='ocrx_word' id='word_1_49' title='bbox 398 1487 496 1546; x_wconf 87' lang='lat' dir='ltr'><strong>nostre</strong></span> <span class='ocrx_word' id='word_1_50' title='bbox 509 1481 578 1544; x_wconf 88' lang='lat' dir='ltr'><strong>fidei</strong></span> <span class='ocrx_word' id='word_1_51' title='bbox 591 1500 747 1561; x_wconf 79' lang='lat' dir='ltr'><strong>regemque</strong></span> <span class='ocrx_word' id='word_1_52' title='bbox 762 1481 905 1563; x_wconf 82' lang='lat' dir='ltr'><strong>polorum,</strong></span> 
     </span>
     <span class='ocr_line' id='line_1_10' title="bbox 229 1575 1260 1683; baseline -0.006 -14"><span class='ocrx_word' id='word_1_53' title='bbox 229 1607 265 1669; x_wconf 90' lang='lat' dir='ltr'><strong>Ut</strong></span> <span class='ocrx_word' id='word_1_54' title='bbox 282 1625 335 1667; x_wconf 89' lang='lat' dir='ltr'><strong>nos</strong></span> <span class='ocrx_word' id='word_1_55' title='bbox 349 1575 386 1667; x_wconf 89' lang='lat' dir='ltr'><strong>de</strong></span> <span class='ocrx_word' id='word_1_56' title='bbox 400 1603 532 1666; x_wconf 83' lang='lat' dir='ltr'><strong>munibus</strong></span> <span class='ocrx_word' id='word_1_57' title='bbox 546 1602 697 1666; x_wconf 87' lang='lat' dir='ltr'><strong>Britonum</strong></span> <span class='ocrx_word' id='word_1_58' title='bbox 711 1603 828 1683; x_wconf 84' lang='lat' dir='ltr'><strong>serique</strong></span> <span class='ocrx_word' id='word_1_59' title='bbox 843 1603 958 1665; x_wconf 85' lang='lat' dir='ltr'><strong>Peunde</strong></span> <span class='ocrx_word' id='word_1_60' title='bbox 1199 1624 1260 1670; x_wconf 76' lang='lat' dir='ltr'><strong>tero</strong></span> 
     </span>
    </p>
   </div>
   <div class='ocr_carea' id='block_1_4' title="bbox 229 1724 1055 2173">
    <p class='ocr_par' dir='ltr' id='par_1_9' title="bbox 229 1724 1055 2048">
     <span class='ocr_line' id='line_1_11' title="bbox 229 1724 999 1805; baseline -0.005 -15"><span class='ocrx_word' id='word_1_61' title='bbox 229 1729 354 1790; x_wconf 80' lang='lat' dir='ltr'><strong>biberet.</strong></span> <span class='ocrx_word' id='word_1_62' title='bbox 369 1726 384 1750; x_wconf 87' lang='lat'><strong>&#39;‘</strong></span> <span class='ocrx_word' id='word_1_63' title='bbox 424 1725 530 1788; x_wconf 85' lang='lat' dir='ltr'><strong>Effusis</strong></span> <span class='ocrx_word' id='word_1_64' title='bbox 544 1725 668 1788; x_wconf 79' lang='lat' dir='ltr'><strong>lacrimis</strong></span> <span class='ocrx_word' id='word_1_65' title='bbox 683 1725 862 1805; x_wconf 80' lang='lat' dir='ltr'><strong>genibusque</strong></span> <span class='ocrx_word' id='word_1_66' title='bbox 875 1724 999 1800; x_wconf 82' lang='lat' dir='ltr'><strong>reflexis,</strong></span> 
     </span>
     <span class='ocr_line' id='line_1_12' title="bbox 229 1845 1055 1930; baseline -0.005 -20"><span class='ocrx_word' id='word_1_67' title='bbox 229 1849 329 1910; x_wconf 82' lang='lat' dir='ltr'><strong>Turba</strong></span> <span class='ocrx_word' id='word_1_68' title='bbox 343 1851 481 1930; x_wconf 85' lang='lat' dir='ltr'><strong>precetur</strong></span> <span class='ocrx_word' id='word_1_69' title='bbox 494 1845 581 1908; x_wconf 89' lang='lat' dir='ltr'><strong>idem.</strong></span> <span class='ocrx_word' id='word_1_70' title='bbox 625 1848 705 1908; x_wconf 88' lang='lat' dir='ltr'><strong>Deus</strong></span> <span class='ocrx_word' id='word_1_71' title='bbox 720 1845 802 1907; x_wconf 90' lang='lat' dir='ltr'><strong>nudit</strong></span> <span class='ocrx_word' id='word_1_72' title='bbox 812 1846 894 1926; x_wconf 84' lang='lat' dir='ltr'><strong>juste</strong></span> <span class='ocrx_word' id='word_1_73' title='bbox 907 1849 1055 1926; x_wconf 86' lang='lat' dir='ltr'><strong>petentes;</strong></span> 
     </span>
     <span class='ocr_line' id='line_1_13' title="bbox 229 1965 996 2048; baseline -0.007 -17"><span class='ocrx_word' id='word_1_74' title='bbox 229 1970 303 2031; x_wconf 85' lang='lat' dir='ltr'><strong>Nem</strong></span> <span class='ocrx_word' id='word_1_75' title='bbox 316 1968 415 2031; x_wconf 90' lang='lat' dir='ltr'><strong>Phebo</strong></span> <span class='ocrx_word' id='word_1_76' title='bbox 430 1971 579 2047; x_wconf 88' lang='lat' dir='ltr'><strong>retegente</strong></span> <span class='ocrx_word' id='word_1_77' title='bbox 593 1967 679 2042; x_wconf 82' lang='lat' dir='ltr'><strong>diem,</strong></span> <span class='ocrx_word' id='word_1_78' title='bbox 696 1966 774 2048; x_wconf 87' lang='lat' dir='ltr'><strong>cepit</strong></span> <span class='ocrx_word' id='word_1_79' title='bbox 787 1984 866 2028; x_wconf 83' lang='lat' dir='ltr'><strong>arma</strong></span> <span class='ocrx_word' id='word_1_80' title='bbox 880 1965 996 2028; x_wconf 85' lang='lat' dir='ltr'><strong>Penndn</strong></span> 
     </span>
    </p>

    <p class='ocr_par' dir='ltr' id='par_1_10' title="bbox 229 2085 967 2173">
     <span class='ocr_line' id='line_1_14' title="bbox 229 2085 967 2173; baseline -0.003 -23"><span class='ocrx_word' id='word_1_81' title='bbox 229 2090 265 2152; x_wconf 87' lang='lat' dir='ltr'><strong>Et</strong></span> <span class='ocrx_word' id='word_1_82' title='bbox 280 2088 357 2173; x_wconf 86' lang='lat' dir='ltr'><strong>cupit</strong></span> <span class='ocrx_word' id='word_1_83' title='bbox 372 2087 531 2152; x_wconf 85' lang='lat' dir='ltr'><strong>Osueldus.</strong></span> <span class='ocrx_word' id='word_1_84' title='bbox 576 2088 607 2148; x_wconf 87' lang='lat' dir='ltr'><strong>in</strong></span> <span class='ocrx_word' id='word_1_85' title='bbox 621 2086 716 2168; x_wconf 89' lang='lat' dir='ltr'><strong>primo</strong></span> <span class='ocrx_word' id='word_1_86' title='bbox 729 2089 821 2148; x_wconf 83' lang='lat' dir='ltr'><strong>morte</strong></span> <span class='ocrx_word' id='word_1_87' title='bbox 834 2085 967 2148; x_wconf 79' lang='lat' dir='ltr'><strong>Britanni</strong></span> 
     </span>
    </p>
   </div>
   <div class='ocr_carea' id='block_1_5' title="bbox 229 2206 1040 2404">
    <p class='ocr_par' dir='ltr' id='par_1_11' title="bbox 229 2206 1040 2404">
     <span class='ocr_line' id='line_1_15' title="bbox 229 2206 942 2290; baseline -0.007 -17"><span class='ocrx_word' id='word_1_88' title='bbox 229 2209 344 2274; x_wconf 85' lang='lat' dir='ltr'><strong>Devicti</strong></span> <span class='ocrx_word' id='word_1_89' title='bbox 358 2209 482 2290; x_wconf 80' lang='lat' dir='ltr'><strong>fugiunt.</strong></span> <span class='ocrx_word' id='word_1_90' title='bbox 529 2207 617 2280; x_wconf 89' lang='lat' dir='ltr'><strong>Quod</strong></span> <span class='ocrx_word' id='word_1_91' title='bbox 630 2227 681 2270; x_wconf 86' lang='lat' dir='ltr'><strong>rex</strong></span> <span class='ocrx_word' id='word_1_92' title='bbox 696 2206 835 2270; x_wconf 83' lang='lat' dir='ltr'><strong>Ceduelto</strong></span> <span class='ocrx_word' id='word_1_93' title='bbox 849 2207 942 2269; x_wconf 76' lang='lat' dir='ltr'><strong>relatu</strong></span> 
     </span>
     <span class='ocr_line' id='line_1_16' title="bbox 231 2321 1040 2404; baseline -0.004 -18"><span class='ocrx_word' id='word_1_94' title='bbox 231 2323 404 2399; x_wconf 75' lang='lat' dir='ltr'><strong>rediscens,</strong></span> <span class='ocrx_word' id='word_1_95' title='bbox 420 2327 517 2384; x_wconf 82' lang='lat' dir='ltr'><strong>movet</strong></span> <span class='ocrx_word' id='word_1_96' title='bbox 530 2339 610 2384; x_wconf 82' lang='lat' dir='ltr'><strong>ormo</strong></span> <span class='ocrx_word' id='word_1_97' title='bbox 624 2323 716 2398; x_wconf 80' lang='lat' dir='ltr'><strong>teror,</strong></span> <span class='ocrx_word' id='word_1_98' title='bbox 732 2321 881 2401; x_wconf 80' lang='lat' dir='ltr'><strong>ferturque</strong></span> <span class='ocrx_word' id='word_1_99' title='bbox 896 2323 1040 2404; x_wconf 90' lang='lat' dir='ltr'><strong>superbus</strong></span> 
     </span>
    </p>
   </div>
   <div class='ocr_carea' id='block_1_6' title="bbox 229 2443 1259 4215">
    <p class='ocr_par' dir='ltr' id='par_1_12' title="bbox 230 2443 1060 2524">
     <span class='ocr_line' id='line_1_17' title="bbox 230 2443 1060 2524; baseline -0.002 -17"><span class='ocrx_word' id='word_1_100' title='bbox 230 2447 262 2508; x_wconf 89' lang='lat' dir='ltr'><strong>ln</strong></span> <span class='ocrx_word' id='word_1_101' title='bbox 275 2449 405 2507; x_wconf 86' lang='lat' dir='ltr'><strong>sunctum</strong></span> <span class='ocrx_word' id='word_1_102' title='bbox 419 2461 530 2524; x_wconf 89' lang='lat' dir='ltr'><strong>regem.</strong></span> <span class='ocrx_word' id='word_1_103' title='bbox 573 2443 697 2506; x_wconf 80' lang='lat' dir='ltr'><strong>Sanctus</strong></span> <span class='ocrx_word' id='word_1_104' title='bbox 710 2461 763 2506; x_wconf 84' lang='lat' dir='ltr'><strong>rex</strong></span> <span class='ocrx_word' id='word_1_105' title='bbox 777 2461 846 2504; x_wconf 85' lang='lat' dir='ltr'><strong>ense</strong></span> <span class='ocrx_word' id='word_1_106' title='bbox 861 2443 1016 2524; x_wconf 74' lang='lat' dir='ltr'><strong>superbus,</strong></span> <span class='ocrx_word' id='word_1_107' title='bbox 1057 2511 1060 2516; x_wconf 67' lang='grc'>,</span> 
     </span>
    </p>

    <p class='ocr_par' dir='ltr' id='par_1_13' title="bbox 230 2561 1103 2764">
     <span class='ocr_line' id='line_1_18' title="bbox 230 2561 1103 2644; baseline -0.002 -18"><span class='ocrx_word' id='word_1_108' title='bbox 230 2563 376 2644; x_wconf 78' lang='lat' dir='ltr'><strong>Sanguine</strong></span> <span class='ocrx_word' id='word_1_109' title='bbox 390 2567 485 2625; x_wconf 84' lang='lat' dir='ltr'><strong>secret</strong></span> <span class='ocrx_word' id='word_1_110' title='bbox 498 2563 632 2638; x_wconf 90' lang='lat' dir='ltr'><strong>humum;</strong></span> <span class='ocrx_word' id='word_1_111' title='bbox 648 2561 749 2626; x_wconf 91' lang='lat' dir='ltr'><strong>melior</strong></span> <span class='ocrx_word' id='word_1_112' title='bbox 762 2580 831 2644; x_wconf 83' lang='lat' dir='ltr'><strong>pers</strong></span> <span class='ocrx_word' id='word_1_113' title='bbox 845 2563 1003 2626; x_wconf 81' lang='lat' dir='ltr'><strong>trensmtnt</strong></span> <span class='ocrx_word' id='word_1_114' title='bbox 1015 2566 1103 2626; x_wconf 82' lang='lat' dir='ltr'><strong>astro.</strong></span> 
     </span>
     <span class='ocr_line' id='line_1_19' title="bbox 231 2681 858 2764; baseline -0.003 -16"><span class='ocrx_word' id='word_1_115' title='bbox 231 2683 373 2760; x_wconf 88' lang='lat' dir='ltr'><strong>Osuinus,</strong></span> <span class='ocrx_word' id='word_1_116' title='bbox 388 2683 466 2764; x_wconf 89' lang='lat' dir='ltr'><strong>regis</strong></span> <span class='ocrx_word' id='word_1_117' title='bbox 481 2681 604 2746; x_wconf 84' lang='lat' dir='ltr'><strong>Osunldi</strong></span> <span class='ocrx_word' id='word_1_118' title='bbox 619 2683 719 2759; x_wconf 84' lang='lat' dir='ltr'><strong>freter,</strong></span> <span class='ocrx_word' id='word_1_119' title='bbox 735 2681 858 2746; x_wconf 85' lang='lat' dir='ltr'><strong>eundem</strong></span> 
     </span>
    </p>

    <p class='ocr_par' dir='ltr' id='par_1_14' title="bbox 230 2803 1259 3006">
     <span class='ocr_line' id='line_1_20' title="bbox 231 2803 1259 2886; baseline 0.005 -18"><span class='ocrx_word' id='word_1_120' title='bbox 231 2807 262 2868; x_wconf 87' lang='lat' dir='ltr'><strong>in</strong></span> <span class='ocrx_word' id='word_1_121' title='bbox 276 2824 367 2886; x_wconf 89' lang='lat' dir='ltr'><strong>regno</strong></span> <span class='ocrx_word' id='word_1_122' title='bbox 381 2805 522 2885; x_wconf 86' lang='lat' dir='ltr'><strong>sequitur,</strong></span> <span class='ocrx_word' id='word_1_123' title='bbox 538 2808 569 2866; x_wconf 88' lang='lat' dir='ltr'><strong>et</strong></span> <span class='ocrx_word' id='word_1_124' title='bbox 580 2803 633 2866; x_wconf 88' lang='lat' dir='ltr'><strong>init</strong></span> <span class='ocrx_word' id='word_1_125' title='bbox 647 2823 711 2866; x_wconf 88' lang='lat' dir='ltr'><strong>eum</strong></span> <span class='ocrx_word' id='word_1_126' title='bbox 725 2823 795 2884; x_wconf 87' lang='lat' dir='ltr'><strong>rege</strong></span> <span class='ocrx_word' id='word_1_127' title='bbox 808 2803 946 2866; x_wconf 77' lang='lat' dir='ltr'><strong>Britenm</strong></span> <span class='ocrx_word' id='word_1_128' title='bbox 1200 2825 1259 2872; x_wconf 79' lang='lat' dir='ltr'><strong>tort</strong></span> 
     </span>
     <span class='ocr_line' id='line_1_21' title="bbox 230 2923 832 3006; baseline -0.003 -18"><span class='ocrx_word' id='word_1_129' title='bbox 230 2925 325 2989; x_wconf 83' lang='lat' dir='ltr'><strong>Fedus</strong></span> <span class='ocrx_word' id='word_1_130' title='bbox 339 2924 478 3002; x_wconf 75' lang='lat' dir='ltr'><strong>amicicie,</strong></span> <span class='ocrx_word' id='word_1_131' title='bbox 494 2923 556 3006; x_wconf 89' lang='lat' dir='ltr'><strong>regi</strong></span> <span class='ocrx_word' id='word_1_132' title='bbox 571 2944 625 3006; x_wconf 89' lang='lat' dir='ltr'><strong>pro</strong></span> <span class='ocrx_word' id='word_1_133' title='bbox 640 2923 739 2986; x_wconf 80' lang='lat' dir='ltr'><strong>sedere</strong></span> <span class='ocrx_word' id='word_1_134' title='bbox 752 2925 832 3006; x_wconf 81' lang='lat' dir='ltr'><strong>pecie</strong></span> 
     </span>
    </p>

    <p class='ocr_par' dir='ltr' id='par_1_15' title="bbox 229 3045 944 3130">
     <span class='ocr_line' id='line_1_22' title="bbox 229 3045 944 3130; baseline 0.001 -21"><span class='ocrx_word' id='word_1_135' title='bbox 229 3046 393 3110; x_wconf 84' lang='lat' dir='ltr'><strong>inmodicos</strong></span> <span class='ocrx_word' id='word_1_136' title='bbox 407 3045 528 3128; x_wconf 81' lang='lat' dir='ltr'><strong>largitus</strong></span> <span class='ocrx_word' id='word_1_137' title='bbox 543 3065 626 3128; x_wconf 88' lang='lat' dir='ltr'><strong>opes,</strong></span> <span class='ocrx_word' id='word_1_138' title='bbox 643 3065 715 3127; x_wconf 87' lang='lat' dir='ltr'><strong>quus</strong></span> <span class='ocrx_word' id='word_1_139' title='bbox 729 3051 795 3110; x_wconf 82' lang='lat' dir='ltr'><strong>onte</strong></span> <span class='ocrx_word' id='word_1_140' title='bbox 808 3052 944 3130; x_wconf 78' lang='lat' dir='ltr'><strong>parentes</strong></span> 
     </span>
    </p>

    <p class='ocr_par' dir='ltr' id='par_1_16' title="bbox 230 3166 917 3250">
     <span class='ocr_line' id='line_1_23' title="bbox 230 3166 917 3250; baseline 0.003 -22"><span class='ocrx_word' id='word_1_141' title='bbox 230 3167 300 3250; x_wconf 85' lang='lat' dir='ltr'><strong>Ejus</strong></span> <span class='ocrx_word' id='word_1_142' title='bbox 315 3171 476 3229; x_wconf 79' lang='lat' dir='ltr'><strong>servarent.</strong></span> <span class='ocrx_word' id='word_1_143' title='bbox 519 3166 590 3229; x_wconf 88' lang='lat' dir='ltr'><strong>Sese</strong></span> <span class='ocrx_word' id='word_1_144' title='bbox 604 3185 720 3247; x_wconf 89' lang='lat' dir='ltr'><strong>quoque</strong></span> <span class='ocrx_word' id='word_1_145' title='bbox 734 3167 864 3230; x_wconf 87' lang='lat' dir='ltr'><strong>subdidit</strong></span> <span class='ocrx_word' id='word_1_146' title='bbox 877 3167 917 3230; x_wconf 87' lang='lat' dir='ltr'><strong>illi</strong></span> 
     </span>
    </p>

    <p class='ocr_par' dir='ltr' id='par_1_17' title="bbox 230 3285 941 3369">
     <span class='ocr_line' id='line_1_24' title="bbox 230 3285 941 3369; baseline 0.004 -19"><span class='ocrx_word' id='word_1_147' title='bbox 230 3287 381 3350; x_wconf 77' lang='lat' dir='ltr'><strong>Aufridus.</strong></span> <span class='ocrx_word' id='word_1_148' title='bbox 425 3285 548 3350; x_wconf 83' lang='lat' dir='ltr'><strong>Osueldi</strong></span> <span class='ocrx_word' id='word_1_149' title='bbox 561 3287 715 3369; x_wconf 79' lang='lat' dir='ltr'><strong>fratrisque</strong></span> <span class='ocrx_word' id='word_1_150' title='bbox 728 3287 773 3350; x_wconf 87' lang='lat' dir='ltr'><strong>sui</strong></span> <span class='ocrx_word' id='word_1_151' title='bbox 785 3289 941 3352; x_wconf 82' lang='lat' dir='ltr'><strong>Josrreldus</strong></span> 
     </span>
    </p>

    <p class='ocr_par' dir='ltr' id='par_1_18' title="bbox 230 3406 872 3490">
     <span class='ocr_line' id='line_1_25' title="bbox 230 3406 872 3490; baseline 0.006 -22"><span class='ocrx_word' id='word_1_152' title='bbox 230 3406 319 3468; x_wconf 83' lang='lat' dir='ltr'><strong>Filius</strong></span> <span class='ocrx_word' id='word_1_153' title='bbox 333 3406 476 3471; x_wconf 86' lang='lat' dir='ltr'><strong>Osuinnm</strong></span> <span class='ocrx_word' id='word_1_154' title='bbox 491 3426 581 3488; x_wconf 90' lang='lat' dir='ltr'><strong>regno</strong></span> <span class='ocrx_word' id='word_1_155' title='bbox 596 3407 711 3490; x_wconf 83' lang='lat' dir='ltr'><strong>privare</strong></span> <span class='ocrx_word' id='word_1_156' title='bbox 725 3409 872 3486; x_wconf 78' lang='lat' dir='ltr'><strong>loborant3</strong></span> 
     </span>
    </p>

    <p class='ocr_par' dir='ltr' id='par_1_19' title="bbox 231 3525 951 3611">
     <span class='ocr_line' id='line_1_26' title="bbox 231 3525 951 3611; baseline 0.003 -23"><span class='ocrx_word' id='word_1_157' title='bbox 231 3525 290 3588; x_wconf 86' lang='lat' dir='ltr'><strong>Sed</strong></span> <span class='ocrx_word' id='word_1_158' title='bbox 304 3526 373 3606; x_wconf 84' lang='lat' dir='ltr'><strong>quie</strong></span> <span class='ocrx_word' id='word_1_159' title='bbox 387 3545 444 3588; x_wconf 86' lang='lat' dir='ltr'><strong>non</strong></span> <span class='ocrx_word' id='word_1_160' title='bbox 458 3531 582 3608; x_wconf 87' lang='lat' dir='ltr'><strong>possunt</strong></span> <span class='ocrx_word' id='word_1_161' title='bbox 596 3526 737 3590; x_wconf 81' lang='lat' dir='ltr'><strong>obsistere</strong></span> <span class='ocrx_word' id='word_1_162' title='bbox 750 3527 859 3590; x_wconf 81' lang='lat' dir='ltr'><strong>viribus</strong></span> <span class='ocrx_word' id='word_1_163' title='bbox 874 3528 901 3611; x_wconf 87' lang='lat' dir='ltr'><strong>ej</strong></span> <span class='ocrx_word' id='word_1_164' title='bbox 906 3548 951 3604; x_wconf 86' lang='lat' dir='ltr'><strong>us,</strong></span> 
     </span>
    </p>

    <p class='ocr_par' dir='ltr' id='par_1_20' title="bbox 231 3646 858 3729">
     <span class='ocr_line' id='line_1_27' title="bbox 231 3646 858 3729; baseline 0.003 -21"><span class='ocrx_word' id='word_1_165' title='bbox 231 3646 408 3710; x_wconf 77' lang='lat' dir='ltr'><strong>Promittant</strong></span> <span class='ocrx_word' id='word_1_166' title='bbox 420 3646 484 3728; x_wconf 85' lang='lat' dir='ltr'><strong>regi</strong></span> <span class='ocrx_word' id='word_1_167' title='bbox 498 3646 619 3710; x_wconf 84' lang='lat' dir='ltr'><strong>donario</strong></span> <span class='ocrx_word' id='word_1_168' title='bbox 634 3649 717 3729; x_wconf 81' lang='lat' dir='ltr'><strong>pluro</strong></span> <span class='ocrx_word' id='word_1_169' title='bbox 731 3648 858 3724; x_wconf 76' lang='lat' dir='ltr'><strong>Perinde,</strong></span> 
     </span>
    </p>

    <p class='ocr_par' dir='ltr' id='par_1_21' title="bbox 231 3767 944 3852">
     <span class='ocr_line' id='line_1_28' title="bbox 231 3767 944 3852; baseline 0.003 -22"><span class='ocrx_word' id='word_1_170' title='bbox 231 3769 270 3831; x_wconf 86' lang='lat' dir='ltr'><strong>Ut</strong></span> <span class='ocrx_word' id='word_1_171' title='bbox 282 3773 419 3832; x_wconf 78' lang='lat' dir='ltr'><strong>succurat</strong></span> <span class='ocrx_word' id='word_1_172' title='bbox 432 3767 485 3830; x_wconf 88' lang='lat' dir='ltr'><strong>eis.</strong></span> <span class='ocrx_word' id='word_1_173' title='bbox 528 3769 659 3832; x_wconf 78' lang='lat' dir='ltr'><strong>Metuens</strong></span> <span class='ocrx_word' id='word_1_174' title='bbox 674 3768 830 3849; x_wconf 79' lang='lat' dir='ltr'><strong>intringere</strong></span> <span class='ocrx_word' id='word_1_175' title='bbox 843 3789 944 3852; x_wconf 76' lang='lat' dir='ltr'><strong>pacem</strong></span> 
     </span>
    </p>

    <p class='ocr_par' dir='ltr' id='par_1_22' title="bbox 232 3888 857 3971">
     <span class='ocr_line' id='line_1_29' title="bbox 232 3888 857 3971; baseline -0.005 -17"><span class='ocrx_word' id='word_1_176' title='bbox 232 3888 337 3954; x_wconf 88' lang='lat' dir='ltr'><strong>Osuini</strong></span> <span class='ocrx_word' id='word_1_177' title='bbox 353 3889 517 3971; x_wconf 87' lang='lat' dir='ltr'><strong>dominique</strong></span> <span class='ocrx_word' id='word_1_178' title='bbox 531 3891 587 3968; x_wconf 87' lang='lat' dir='ltr'><strong>sui,</strong></span> <span class='ocrx_word' id='word_1_179' title='bbox 604 3911 659 3953; x_wconf 91' lang='lat' dir='ltr'><strong>non</strong></span> <span class='ocrx_word' id='word_1_180' title='bbox 675 3889 857 3966; x_wconf 74' lang='lat' dir='ltr'><strong>annutritus,</strong></span> 
     </span>
    </p>

    <p class='ocr_par' dir='ltr' id='par_1_23' title="bbox 232 4009 1259 4215">
     <span class='ocr_line' id='line_1_30' title="bbox 232 4009 1259 4094; baseline 0.007 -22"><span class='ocrx_word' id='word_1_181' title='bbox 232 4011 331 4072; x_wconf 89' lang='lat' dir='ltr'><strong>Donec</strong></span> <span class='ocrx_word' id='word_1_182' title='bbox 345 4009 416 4091; x_wconf 90' lang='lat' dir='ltr'><strong>quid</strong></span> <span class='ocrx_word' id='word_1_183' title='bbox 430 4031 518 4093; x_wconf 90' lang='lat' dir='ltr'><strong>super</strong></span> <span class='ocrx_word' id='word_1_184' title='bbox 531 4012 586 4074; x_wconf 89' lang='lat' dir='ltr'><strong>hoc</strong></span> <span class='ocrx_word' id='word_1_185' title='bbox 599 4009 714 4074; x_wconf 90' lang='lat' dir='ltr'><strong>domino</strong></span> <span class='ocrx_word' id='word_1_186' title='bbox 728 4012 912 4094; x_wconf 86' lang='lat' dir='ltr'><strong>responderit</strong></span> <span class='ocrx_word' id='word_1_187' title='bbox 925 4013 978 4088; x_wconf 76' lang='lat' dir='ltr'><strong>ini,</strong></span> <span class='ocrx_word' id='word_1_188' title='bbox 1199 4033 1259 4079; x_wconf 74' lang='lat' dir='ltr'><strong>tout</strong></span> 
     </span>
     <span class='ocr_line' id='line_1_31' title="bbox 233 4130 1043 4215; baseline 0.002 -21"><span class='ocrx_word' id='word_1_189' title='bbox 233 4130 375 4194; x_wconf 79' lang='lat' dir='ltr'><strong>Audierit.</strong></span> <span class='ocrx_word' id='word_1_190' title='bbox 418 4133 515 4213; x_wconf 87' lang='lat' dir='ltr'><strong>Super</strong></span> <span class='ocrx_word' id='word_1_191' title='bbox 528 4132 584 4194; x_wconf 86' lang='lat' dir='ltr'><strong>hoe</strong></span> <span class='ocrx_word' id='word_1_192' title='bbox 598 4133 758 4210; x_wconf 80' lang='lat' dir='ltr'><strong>consultus,</strong></span> <span class='ocrx_word' id='word_1_193' title='bbox 773 4137 860 4215; x_wconf 91' lang='lat' dir='ltr'><strong>turpe</strong></span> <span class='ocrx_word' id='word_1_194' title='bbox 874 4133 1043 4214; x_wconf 78' lang='lat' dir='ltr'><strong>neptesque</strong></span> 
     </span>
    </p>
   </div>
   <div class='ocr_carea' id='block_1_7' title="bbox 0 0 1625 5168">
    <p class='ocr_par' dir='ltr' id='par_1_24' title="bbox 0 0 1625 5168">
     <span class='ocr_line' id='line_1_32' title="bbox 0 0 1625 5168; baseline 0 0"><span class='ocrx_word' id='word_1_195' title='bbox 0 0 1625 5168; x_wconf 95' lang='lat' dir='ltr'><strong> </strong></span> 
     </span>
    </p>
   </div>
  </div>
 </body>
</html>
