3206 5134
380 483 420 546 to
654 501 760 545 unsre
782 501 895 546 neone
915 503 1134 550 nurnnunrn.

380 615 418 674 At
432 611 517 674 simul
529 609 658 672 attonitis
672 609 757 674 animi
770 610 882 674 rediere
895 613 1051 676 Britannis.

381 733 513 810 Stragem
528 750 585 792 non
600 731 743 794 minimam
756 732 876 811 faciunt,
891 733 929 796 ad
945 735 1023 798 milis
1036 741 1169 802 sternunt

379 855 495 917 Hostes.
538 853 685 914 Porsenna
698 858 782 936 cepto
798 852 950 936 Gabioque
962 864 1125 941 perempto,

380 971 543 1052 Diffugiunt
555 971 639 1048 Latii,
655 972 741 1034 cedes
755 972 785 1035 iu
799 977 882 1054 terge
895 985 1044 1056 gerentes,

379 1093 584 1171 lugentemque
598 1092 697 1154 urbem
710 1092 834 1156 victores
848 1095 1063 1175 ingrediuntnr3

379 1211 563 1293 Diripiuntnr
578 1231 648 1294 opes
662 1231 732 1292 quas
746 1214 817 1276 urbs
831 1221 961 1278 servarat
974 1237 1071 1280 arara.

379 1331 522 1394 Brennius
535 1331 648 1412 imperii
660 1333 780 1396 Romani
794 1335 882 1397 sumit
894 1335 1033 1414 habenas,

378 1451 491 1514 Sericia
505 1451 581 1531 gerit
594 1452 624 1514 in
639 1453 717 1517 cives
730 1457 925 1537 populumque
940 1459 1105 1531 Quirinum.

420 1573 491 1634 lude
504 1593 588 1636 sunm
601 1593 723 1654 regnum
737 1595 801 1639 cum
815 1597 921 1658 magna
933 1579 1018 1644 laude
1032 1583 1169 1667 triumphi

378 1696 438 1757 Rex
452 1695 570 1757 Belinus
584 1696 655 1772 adit,
671 1701 832 1778 tractatque
846 1699 875 1760 in
888 1720 961 1782 pace
975 1703 1145 1783 Britannos3

378 1815 534 1878 semirutas
547 1815 639 1879 reficit
652 1818 750 1894 nrbes,
765 1820 901 1902 legesque
915 1828 1051 1904 paternas

377 1936 544 2000 Confirmat.
587 1938 700 2001 Claram
715 1941 871 2021 legionum
886 1946 1026 2008 construit
1040 1949 1150 2012 urbem.

376 2055 469 2138 Cujus
483 2057 624 2120 combusti
639 2058 750 2122 cineres
764 2067 915 2125 servantur
928 2063 957 2126 in
971 2084 1040 2128 auro

376 2175 545 2252 Lundoniis,
562 2176 591 2239 in
605 2181 685 2239 turre
699 2198 774 2242 nora
789 2201 873 2260 quam
886 2183 994 2248 lecerat
1007 2187 1081 2270 ipse.

417 2294 611 2358 Goruhandns
626 2297 846 2378 Barba-Rubee,
861 2323 919 2365 non
932 2303 1060 2384 degener
1074 2309 1158 2371 heres

375 2414 499 2491 Lucrini,
515 2414 604 2477 sumit
615 2415 702 2496 digne
715 2417 859 2501 dyadema
872 2427 1040 2503 paternnm3

373 2535 388 2596 J
392 2534 492 2597 usticie
506 2541 615 2614 eustos,
631 2539 724 2600 cultor
737 2541 863 2622 pietatis,
880 2550 991 2606 amator

374 2654 469 2730 Pacis,
485 2654 629 2718 deffensor
643 2657 740 2740 vidue,
756 2663 846 2724 tutela
859 2665 972 2746 pupilli,

374 2773 511 2835 Hostibus
523 2774 627 2852 hostis,
644 2777 752 2841 amiens
767 2781 878 2858 amicis,
893 2784 976 2847 fortis
989 2785 1018 2848 in
1032 2790 1131 2865 armis,

373 2892 462 2955 Vultu
478 2893 649 2976 conspicuus
663 2897 777 2976 illustri,
795 2921 918 2985 corpore
931 2925 1063 2988 mugnus,

374 3012 502 3077 Consilio
516 3019 628 3094 cantus,
644 3017 674 3079 in
688 3018 783 3083 dendo
797 3041 915 3086 munere
929 3027 1038 3109 largus.

375 3133 434 3206 Qui
448 3153 512 3198 cnm
527 3137 649 3219 vectigal
663 3139 717 3202 sibi
728 3142 853 3207 reddero
867 3147 958 3210 Dacia
972 3153 1082 3232 spernit

372 3255 506 3317 duratum
520 3258 678 3340 patri,{lert
693 3281 773 3342 egre,
789 3269 947 3330 transmeat
961 3289 1030 3351 ergo

373 3374 420 3437 Ad
434 3375 530 3440 Dacos
545 3382 574 3440 et
588 3399 637 3442 eos
652 3381 707 3444 sibi
722 3385 830 3462 subdit,
846 3407 972 3469 regeque
987 3411 1065 3469 ceso,

373 3495 506 3559 Reddere
519 3501 689 3582 constringit
701 3505 840 3586 populum
855 3509 958 3572 servile
971 3511 1126 3590 tributum,

373 3618 510 3700 Dumque
524 3619 588 3682 citis
602 3621 672 3684 velis
686 3624 777 3686 victor
790 3627 876 3704 redit,
892 3650 959 3694 ecce
973 3631 1072 3696 deccru
1087 3639 1133 3697 ter

374 3738 407 3798 ln
420 3737 514 3800 medio
529 3740 622 3821 plenis
632 3742 772 3824 juvenum
786 3747 870 3810 simul
884 3755 913 3811 et
926 3753 1076 3816 mulierum

375 3856 504 3920 Obvianl
517 3860 649 3924 Oeceano
663 3865 785 3929 ratibus.
828 3869 887 3932 Rex
902 3873 996 3951 querit
1011 3894 1109 3939 eorum

373 3976 522 4042 Adventus
536 3999 662 4045 causam.
706 3985 837 4058 Quorum
852 3989 910 4053 dux
922 3993 1025 4055 transit
1038 3997 1076 4058 ad
1091 3996 1181 4074 illurn,

372 4098 409 4161 Et
417 4099 528 4182 junctis
541 4105 671 4170 manibus
685 4109 818 4191 supplex,
834 4112 1013 4195 genibusque
1027 4117 1151 4194 rellexis,
