3226 5168
361 538 416 600 158
635 556 738 602 casrr
760 557 874 618 aanor
897 557 1111 604 aarraanrn.

356 670 462 750 Reges,
478 669 617 732 intereos
631 667 743 731 firmato
758 669 856 732 ledere
870 671 920 732 tali

357 791 453 852 Insula
466 791 607 854 dividitor
625 812 631 852 :
649 789 786 854 Caduano
801 789 879 852 cedit
892 792 928 852 ab
943 791 1071 854 llumbro

311 893 317 904 ⁸
357 914 388 975 ln
404 913 576 994 Zephirum3
592 913 670 975 cedit
683 913 776 993 Anglo
791 931 860 995 pars
875 918 972 976 cetera
986 915 1059 995 regi.

355 1035 415 1098 Nec
429 1055 520 1112 more,
538 1035 626 1098 mirus
641 1053 721 1098 amor
734 1054 820 1115 reges
835 1037 989 1112 connectit,
1009 1042 1041 1098 at
1054 1037 1133 1119 ipsos

354 1157 419 1220 Non
434 1161 544 1236 lantum
559 1157 665 1237 socios,
681 1156 735 1219 sed
748 1158 852 1219 iratres
867 1177 931 1219 esse
946 1164 1075 1239 potares.

355 1279 477 1356 Interea,
493 1278 613 1360 propria
627 1278 743 1340 deserta
757 1277 894 1360 conjuge,
910 1279 990 1340 ducit

354 1401 414 1463 llex
428 1399 610 1463 Eldeliredus
625 1399 720 1462 aliam.
764 1399 889 1462 Deserta
903 1419 1056 1465 recurrens

354 1521 460 1586 Occius
475 1522 513 1583 ad
528 1539 628 1599 rcgcm
645 1521 825 1602 Caduenum,
842 1523 987 1604 supplicat
1001 1524 1042 1586 illi

353 1641 392 1702 Ut
404 1641 458 1704 sibi
473 1641 606 1722 pacificet
619 1660 733 1720 regem,
750 1641 828 1722 quod
843 1661 907 1704 cum
924 1643 1033 1722 nequit,
1049 1643 1124 1706 illam

353 1763 473 1824 'l'raclat
486 1761 642 1824 honorifice
657 1762 775 1844 propria
790 1781 854 1824 cum
869 1763 1005 1845 conjuge,
1023 1765 1114 1826 donec

352 1885 479 1963 Utraque
493 1883 647 1966 parturiat.
692 1885 780 1946 Utaro
795 1885 870 1964 gerit
884 1891 1005 1965 utreque
1019 1887 1141 1966 prolem,

352 2005 521 2067 Parturiunt
535 2025 652 2086 parvos.
696 2006 818 2066 Deserto
835 2006 963 2068 nascitur
978 2007 1081 2082 inians,

352 2125 488 2188 Edwiaus
503 2125 528 2187 ei
544 2146 647 2188 nornen
661 2125 759 2200 datur,
776 2131 805 2188 et
820 2125 958 2190 Caduano

351 2247 487 2309 Nascitur
499 2267 534 2308 ex
549 2246 670 2328 propria
684 2246 824 2308 Caduallo
839 2247 980 2330 conjugc;
998 2250 1056 2311 nati

350 2369 376 2428 N
379 2369 515 2449 ulritiquc
530 2369 625 2445 simul,
642 2369 723 2431 misai
738 2369 824 2432 simul
838 2369 876 2432 ad
890 2371 1082 2446 Salomonem,

350 2490 498 2552 Armorica
512 2509 621 2570 regem,
638 2489 724 2552 simul
739 2491 835 2553 edocti
849 2492 1024 2569 rudimenta,

351 2602 410 2664 lllic
425 2601 530 2665 milicie
543 2603 616 2665 mira
631 2603 776 2684 probitate
790 2611 957 2680 coruscant3

350 2723 503 2787 Defunctis
516 2725 645 2806 patribus
659 2729 775 2807 patrum
790 2725 955 2788 diademata
970 2735 1096 2790 sumunt.

350 2843 452 2906 Nodus
467 2843 594 2907 amicicie
609 2847 657 2925 qui
672 2851 770 2928 patres
785 2846 926 2922 vinxerat,
943 2847 1018 2910 idem

348 2965 445 3027 Vincit
459 2986 520 3042 eoa,
537 2971 567 3029 ot
580 2985 635 3048 par
649 2967 805 3030 concordia
818 2988 928 3049 parque
944 2971 1091 3046 voluntas;

350 3087 409 3148 Sed
424 3106 508 3167 quem
523 3087 619 3150 brevis
634 3107 698 3152 esse
712 3090 786 3152 solet
798 3091 954 3152 concordia
968 3093 1049 3171 regni

348 3208 488 3290 Ejusdem
502 3209 639 3287 dominis,
656 3209 723 3273 lidei
738 3211 878 3274 Caduallo
894 3214 1012 3274 resolvit

348 3330 517 3393 Funioulum
532 3333 648 3408 veterio,
666 3338 695 3394 et
708 3333 814 3396 amoris
827 3333 925 3396 federa
940 3335 1056 3416 rumpit.

349 3451 384 3512 lit
397 3451 476 3532 paris
490 3452 645 3533 impaciens
659 3452 743 3532 regni
756 3453 849 3516 tocius
863 3454 968 3516 habere

349 3571 425 3632 Dum
439 3581 533 3653 paral,
550 3573 656 3636 emittit
668 3575 751 3654 regni
764 3574 860 3637 tocius
873 3575 1017 3653 habenas;

347 3689 421 3752 Nam
436 3690 643 3755 Caduallooem
658 3692 727 3756 dum
741 3695 872 3776 postulat
886 3714 935 3756 ore
951 3696 1051 3759 doloso

347 3810 408 3872 Rex
421 3811 558 3875 Edwiaus
574 3818 607 3874 ut
621 3833 687 3876 eum
703 3815 851 3896 permittat
864 3815 892 3876 io
909 3815 936 3898 ej
941 3837 974 3878 us

346 3933 458 4012 Regno,
475 3952 555 3994 morc
569 3953 633 4009 suo,
650 3934 743 4016 patrie
758 3935 813 3998 diis
827 3935 1000 4012 sacrificare,

348 4043 484 4134 imposito
500 4053 587 4133 capiti
601 4053 680 4133 regis
694 4054 869 4137 diademate,
886 4056 1012 4136 damone

347 4173 476 4236 Consulit
492 4173 555 4254 ipse
569 4193 639 4236 suos
654 4173 725 4255 quid
738 4175 776 4237 ad
790 4175 820 4238 id
833 4177 1022 4258 respondeat,
1037 4180 1099 4260 ipsc
