3226 5168
345 488 402 550 loc
622 503 726 549 unsri
749 503 861 548 neoou
883 503 1094 548 nutriente.

343 616 412 678 lnde
426 613 563 694 estquod
578 614 659 676 vobis
674 613 844 674 mandamus
858 612 1062 694 precipientes,

342 738 460 799 Summo
475 734 603 816 pontifici
617 734 741 818 subjecti
757 753 837 796 more
850 733 991 816 priorum,

342 858 507 920 Exhibeulis
522 877 606 940 opem
620 857 703 920 nobis
717 856 755 919 ed
768 856 978 918 restituendum

344 980 453 1059 Anglos
467 978 597 1041 ecclesie.
641 978 672 1040 Si
686 976 888 1040 sollicitudinis
901 976 990 1060 hujus

343 1100 505 1182 l‘ertieipes
520 1100 595 1176 sitis,
611 1100 689 1162 eritis
704 1100 789 1162 sirnul
804 1104 833 1161 et
847 1099 1024 1162 meritorum.
1039 1099 1054 1124 ”

383 1223 458 1285 Urbs
473 1222 592 1302 entique
605 1221 660 1284 luit
673 1221 719 1283 cni
734 1239 837 1283 nomen
852 1223 980 1302 Bongor
994 1243 1004 1283 :
1020 1221 1047 1283 in
1062 1221 1111 1284 ille

344 1343 519 1406 Clunstreles
534 1342 666 1405 monachi
680 1342 791 1422 degunt
805 1342 910 1404 ebbete
924 1343 978 1404 sub
994 1361 1052 1404 uno

343 1465 464 1527 Nomine
477 1465 641 1544 Dyonotes,
657 1465 706 1546 qui
721 1469 829 1546 quanto
843 1463 938 1527 Clntin
952 1464 1005 1525 soli

344 1587 439 1664 Cedit,
456 1593 485 1649 et
499 1586 612 1648 excedit
626 1587 726 1649 eedem
739 1587 853 1666 fulgore
867 1587 997 1660 Booten,

343 1709 437 1770 Tanto
452 1707 581 1790 precedit
596 1707 704 1772 vicinos
719 1708 808 1770 celibe
820 1707 889 1782 rite,

344 1831 462 1893 Artibus
475 1830 619 1911 ingenuis,
635 1830 788 1894 lendendis
802 1829 941 1907 moribus,
959 1849 1010 1893 ore

344 1953 491 2028 Facundo,
507 1957 607 2016 sancte
621 1953 762 2028 doctrine,
780 1951 928 2034 religione.

345 2075 392 2135 llle
407 2075 501 2136 serens
516 2075 667 2136 commisse
681 2075 734 2138 sibi
749 2093 890 2156 responsa
904 2094 1033 2150 snorum,

344 2197 468 2278 Exponit
480 2201 579 2260 saneto
594 2199 700 2278 legeto,
714 2197 812 2278 sicque
826 2197 968 2260 subinfert
984 2219 990 2257 :

343 2311 357 2335 ¹⁸
371 2311 475 2372 Sancte
488 2311 543 2388 vir,
559 2311 687 2374 admiror
700 2317 729 2373 te
744 2311 826 2374 nobis
840 2312 925 2373 obrie
935 2311 997 2394 juri

344 2433 512 2514 l‘recepisse
528 2433 586 2496 duo
600 2433 687 2495 stetui
702 2453 758 2495 non
773 2451 901 2511 congrua
915 2437 1024 2496 nostro.

345 2553 430 2629 Quis,
446 2553 501 2615 nisi
516 2553 620 2616 mentis
635 2553 730 2636 inops,
746 2554 869 2616 inimicis
883 2555 1024 2635 predicet,
1040 2559 1091 2618 ent
1105 2557 1170 2636 quis

344 2674 487 2736 libertate
500 2675 599 2737 truens
612 2675 729 2736 domino
744 2695 776 2737 se
790 2675 916 2738 subdere
930 2679 1050 2756 queret?

344 2795 435 2857 Ortus
449 2799 479 2856 et
493 2795 622 2858 Occasus
636 2796 745 2858 invisos
760 2815 825 2858 esse
838 2795 983 2858 Britannis

344 2917 473 2979 Saxones
487 2922 642 2996 agnorunt,
658 2925 690 2980 nt
705 2937 777 2998 qnos
793 2917 906 2980 lenitate
920 2918 1045 2999 maligne

344 3038 537 3118 Subpluntere
552 3039 661 3112 volunt,
676 3038 788 3100 hostilis
801 3057 895 3100 sermo
908 3039 1025 3120 placere

343 3161 408 3222 Non
423 3161 507 3236 solet,
520 3160 605 3222 immo
620 3179 689 3222 snos
703 3160 843 3242 pervertit
856 3166 886 3222 et
898 3159 1023 3222 obstruit
1035 3160 1143 3222 hostes.

344 3283 478 3344 l‘relerou
493 3281 641 3345 ltritonnm
655 3301 727 3362 geos
741 3282 831 3344 libere
844 3282 919 3344 terre
933 3285 1048 3344 recuset

345 3404 524 3484 Obsequium
538 3404 670 3484 cuiqnam
685 3405 792 3484 legato,
808 3422 889 3464 more
904 3404 1043 3485 priorum.

343 3526 509 3588 l‘resulibus
524 3525 655 3608 subjecte
669 3525 730 3588 suis
744 3545 760 3586 n
775 3530 906 3606 tempore
921 3525 1007 3604 longo

343 3649 414 3709 Esse
428 3649 472 3710 sni
482 3647 559 3730 juris
573 3648 722 3710 consuerit
735 3651 833 3710 nostre
845 3666 987 3728 propago.
1002 3647 1017 3670 ”

342 3767 433 3845 Dixit,
450 3773 479 3831 et
493 3769 650 3848 bogiorum
665 3787 749 3848 reges
763 3767 862 3830 cudite
876 3769 1039 3844 molestent,

344 3889 380 3951 Et
393 3888 476 3952 minis
490 3889 640 3952 offendunt
654 3889 722 3952 cleri
736 3907 876 3970 response
889 3889 1029 3950 Britanni.

343 4012 427 4075 Unde
439 4011 540 4074 ineunt
552 4011 697 4088 Britones,
714 4017 852 4073 eteorum
866 4009 996 4072 funditus
1010 4011 1097 4072 urbes

343 4133 379 4196 Vi
394 4133 491 4196 delere
505 4132 633 4214 student,
649 4131 727 4194 nulle
740 4131 846 4213 pietate
860 4129 983 4192 reducti.
