<?xml version="1.0" encoding="UTF-8"?>
<!DOCTYPE html PUBLIC "-//W3C//DTD XHTML 1.0 Transitional//EN"
    "http://www.w3.org/TR/xhtml1/DTD/xhtml1-transitional.dtd">
<html xmlns="http://www.w3.org/1999/xhtml" xml:lang="en" lang="en">
 <head>
  <title>
</title>
<meta http-equiv="Content-Type" content="text/html;charset=utf-8" />
  <meta name='ocr-system' content='tesseract 3.04.00' />
  <meta name='ocr-capabilities' content='ocr_page ocr_carea ocr_par ocr_line ocrx_word'/>
</head>
<body>
  <div class='ocr_page' id='page_1' title='image "./gestaregumbrita00assogoog_0103.png"; bbox 0 0 3206 5134; ppageno 0'>
   <div class='ocr_carea' id='block_1_1' title="bbox 350 493 1137 1069">
    <p class='ocr_par' dir='ltr' id='par_1_1' title="bbox 350 493 1137 1069">
     <span class='ocr_line' id='line_1_1' title="bbox 351 493 1104 562; baseline -0.013 0"><span class='ocrx_word' id='word_1_1' title='bbox 351 493 390 562; x_wconf 84' lang='lat'><strong>78</strong></span> <span class='ocrx_word' id='word_1_2' title='bbox 629 507 735 556; x_wconf 85' lang='lat' dir='ltr'><strong>ensrr</strong></span> <span class='ocrx_word' id='word_1_3' title='bbox 756 509 871 556; x_wconf 82' lang='lat' dir='ltr'><strong>aaran</strong></span> <span class='ocrx_word' id='word_1_4' title='bbox 893 503 1104 556; x_wconf 78' lang='lat' dir='ltr'><strong>nnrrrrnrn.</strong></span> 
     </span>
     <span class='ocr_line' id='line_1_2' title="bbox 350 621 1032 706; baseline -0.009 -19"><span class='ocrx_word' id='word_1_5' title='bbox 350 623 499 706; x_wconf 80' lang='lat' dir='ltr'><strong>Diligitur,</strong></span> <span class='ocrx_word' id='word_1_6' title='bbox 515 622 623 705; x_wconf 86' lang='lat' dir='ltr'><strong>petitur</strong></span> <span class='ocrx_word' id='word_1_7' title='bbox 636 641 791 704; x_wconf 79' lang='lat' dir='ltr'>pressuras</span> <span class='ocrx_word' id='word_1_8' title='bbox 804 621 882 684; x_wconf 88' lang='lat' dir='ltr'><strong>iulus</strong></span> <span class='ocrx_word' id='word_1_9' title='bbox 897 625 926 682; x_wconf 91' lang='lat' dir='ltr'><strong>et</strong></span> <span class='ocrx_word' id='word_1_10' title='bbox 940 624 1032 683; x_wconf 87' lang='lat' dir='ltr'><strong>extra.</strong></span> 
     </span>
     <span class='ocr_line' id='line_1_3' title="bbox 390 741 1031 826; baseline -0.003 -20"><span class='ocrx_word' id='word_1_11' title='bbox 390 745 503 808; x_wconf 79' lang='lat' dir='ltr'><strong>Interea</strong></span> <span class='ocrx_word' id='word_1_12' title='bbox 516 743 617 826; x_wconf 86' lang='lat' dir='ltr'><strong>plenas</strong></span> <span class='ocrx_word' id='word_1_13' title='bbox 632 742 776 822; x_wconf 87' lang='lat' dir='ltr'><strong>armisque</strong></span> <span class='ocrx_word' id='word_1_14' title='bbox 789 741 917 822; x_wconf 87' lang='lat' dir='ltr'><strong>virisque</strong></span> <span class='ocrx_word' id='word_1_15' title='bbox 931 741 1031 804; x_wconf 87' lang='lat' dir='ltr'><strong>caillas</strong></span> 
     </span>
     <span class='ocr_line' id='line_1_4' title="bbox 350 864 1099 946; baseline -0.003 -18"><span class='ocrx_word' id='word_1_16' title='bbox 350 864 456 929; x_wconf 87' lang='lat' dir='ltr'><strong>Cencie</strong></span> <span class='ocrx_word' id='word_1_17' title='bbox 470 870 529 928; x_wconf 90' lang='lat' dir='ltr'><strong>tres</strong></span> <span class='ocrx_word' id='word_1_18' title='bbox 543 865 658 941; x_wconf 81' lang='lat' dir='ltr'><strong>hebuit3</strong></span> <span class='ocrx_word' id='word_1_19' title='bbox 675 867 780 928; x_wconf 78' lang='lat' dir='ltr'><strong>fratres</strong></span> <span class='ocrx_word' id='word_1_20' title='bbox 794 865 931 946; x_wconf 77' lang='lat' dir='ltr'><strong>Engistas</strong></span> <span class='ocrx_word' id='word_1_21' title='bbox 946 869 975 926; x_wconf 90' lang='lat' dir='ltr'><strong>et</strong></span> <span class='ocrx_word' id='word_1_22' title='bbox 988 865 1099 926; x_wconf 90' lang='lat' dir='ltr'><strong>llorsas</strong></span> 
     </span>
     <span class='ocr_line' id='line_1_5' title="bbox 350 986 1137 1069; baseline -0.005 -19"><span class='ocrx_word' id='word_1_23' title='bbox 350 987 493 1050; x_wconf 87' lang='lat' dir='ltr'>Omnibus</span> <span class='ocrx_word' id='word_1_24' title='bbox 507 987 563 1050; x_wconf 91' lang='lat' dir='ltr'><strong>hiis</strong></span> <span class='ocrx_word' id='word_1_25' title='bbox 577 991 711 1069; x_wconf 82' lang='lat' dir='ltr'><strong>presunt.</strong></span> <span class='ocrx_word' id='word_1_26' title='bbox 754 987 816 1049; x_wconf 87' lang='lat' dir='ltr'><strong>Rex</strong></span> <span class='ocrx_word' id='word_1_27' title='bbox 830 986 1024 1068; x_wconf 77' lang='lat' dir='ltr'><strong>Vortigernas</strong></span> <span class='ocrx_word' id='word_1_28' title='bbox 1038 1005 1137 1048; x_wconf 90' lang='lat' dir='ltr'><strong>eorum</strong></span> 
     </span>
    </p>
   </div>
   <div class='ocr_carea' id='block_1_2' title="bbox 350 1095 1132 1189">
    <p class='ocr_par' dir='ltr' id='par_1_2' title="bbox 350 1095 1132 1189">
     <span class='ocr_line' id='line_1_6' title="bbox 350 1095 1132 1189; baseline -0.003 -20"><span class='ocrx_word' id='word_1_29' title='bbox 350 1108 500 1172; x_wconf 77' lang='lat' dir='ltr'><strong>Adventus</strong></span> <span class='ocrx_word' id='word_1_30' title='bbox 515 1095 642 1184; x_wconf 84' lang='lat' dir='ltr'><strong>censam,</strong></span> <span class='ocrx_word' id='word_1_31' title='bbox 659 1106 708 1188; x_wconf 91' lang='lat' dir='ltr'><strong>qui</strong></span> <span class='ocrx_word' id='word_1_32' title='bbox 722 1107 791 1186; x_wconf 90' lang='lat' dir='ltr'><strong>sint,</strong></span> <span class='ocrx_word' id='word_1_33' title='bbox 806 1105 986 1189; x_wconf 75' lang='lat' dir='ltr'><strong>patriamque</strong></span> <span class='ocrx_word' id='word_1_34' title='bbox 1000 1105 1132 1186; x_wconf 79' lang='lat' dir='ltr'><strong>requirit.</strong></span> 
     </span>
    </p>
   </div>
   <div class='ocr_carea' id='block_1_3' title="bbox 349 1226 1233 4209">
    <p class='ocr_par' dir='ltr' id='par_1_3' title="bbox 349 1226 1233 1553">
     <span class='ocr_line' id='line_1_7' title="bbox 350 1226 1122 1310; baseline -0.005 -19"><span class='ocrx_word' id='word_1_35' title='bbox 350 1227 404 1291; x_wconf 89' lang='lat' dir='ltr'><strong>Cui</strong></span> <span class='ocrx_word' id='word_1_36' title='bbox 418 1228 459 1292; x_wconf 90' lang='lat' dir='ltr'><strong>sie</strong></span> <span class='ocrx_word' id='word_1_37' title='bbox 472 1228 607 1310; x_wconf 79' lang='lat' dir='ltr'><strong>Engistus</strong></span> <span class='ocrx_word' id='word_1_38' title='bbox 625 1248 631 1288; x_wconf 92' lang='lat'>:</span> <span class='ocrx_word' id='word_1_39' title='bbox 650 1227 664 1254; x_wconf 79' lang='lat'><strong>“</strong></span> <span class='ocrx_word' id='word_1_40' title='bbox 677 1227 832 1291; x_wconf 76' lang='lat' dir='ltr'><strong>Germania</strong></span> <span class='ocrx_word' id='word_1_41' title='bbox 846 1226 941 1309; x_wconf 88' lang='lat' dir='ltr'><strong>patria</strong></span> <span class='ocrx_word' id='word_1_42' title='bbox 954 1230 1053 1290; x_wconf 85' lang='lat' dir='ltr'><strong>nostre</strong></span> <span class='ocrx_word' id='word_1_43' title='bbox 1068 1231 1122 1302; x_wconf 87' lang='lat' dir='ltr'><strong>est,</strong></span> 
     </span>
     <span class='ocr_line' id='line_1_8' title="bbox 350 1348 1233 1434; baseline -0.005 -18"><span class='ocrx_word' id='word_1_44' title='bbox 350 1350 444 1434; x_wconf 88' lang='lat' dir='ltr'><strong>Cujus</strong></span> <span class='ocrx_word' id='word_1_45' title='bbox 458 1370 521 1413; x_wconf 91' lang='lat' dir='ltr'><strong>mos</strong></span> <span class='ocrx_word' id='word_1_46' title='bbox 535 1351 584 1413; x_wconf 91' lang='lat' dir='ltr'><strong>hic</strong></span> <span class='ocrx_word' id='word_1_47' title='bbox 598 1355 654 1428; x_wconf 90' lang='lat' dir='ltr'><strong>est,</strong></span> <span class='ocrx_word' id='word_1_48' title='bbox 671 1369 755 1431; x_wconf 89' lang='lat' dir='ltr'><strong>quem</strong></span> <span class='ocrx_word' id='word_1_49' title='bbox 769 1369 827 1414; x_wconf 90' lang='lat' dir='ltr'><strong>non</strong></span> <span class='ocrx_word' id='word_1_50' title='bbox 841 1354 936 1412; x_wconf 87' lang='lat' dir='ltr'><strong>temen</strong></span> <span class='ocrx_word' id='word_1_51' title='bbox 949 1349 1098 1431; x_wconf 85' lang='lat' dir='ltr'><strong>spprobo;</strong></span> <span class='ocrx_word' id='word_1_52' title='bbox 1115 1367 1179 1412; x_wconf 90' lang='lat' dir='ltr'><strong>cum</strong></span> <span class='ocrx_word' id='word_1_53' title='bbox 1195 1348 1233 1412; x_wconf 86' lang='lat' dir='ltr'><strong>sit</strong></span> 
     </span>
     <span class='ocr_line' id='line_1_9' title="bbox 349 1473 1024 1553; baseline -0.003 -17"><span class='ocrx_word' id='word_1_54' title='bbox 349 1475 405 1536; x_wconf 92' lang='lat' dir='ltr'><strong>Vel</strong></span> <span class='ocrx_word' id='word_1_55' title='bbox 417 1473 494 1537; x_wconf 85' lang='lat' dir='ltr'><strong>vieta</strong></span> <span class='ocrx_word' id='word_1_56' title='bbox 509 1473 615 1550; x_wconf 88' lang='lat' dir='ltr'><strong>tennis,</strong></span> <span class='ocrx_word' id='word_1_57' title='bbox 631 1474 677 1536; x_wconf 86' lang='lat' dir='ltr'><strong>vet</strong></span> <span class='ocrx_word' id='word_1_58' title='bbox 690 1473 780 1536; x_wconf 86' lang='lat' dir='ltr'><strong>multe</strong></span> <span class='ocrx_word' id='word_1_59' title='bbox 792 1477 879 1553; x_wconf 81' lang='lat' dir='ltr'><strong>geute</strong></span> <span class='ocrx_word' id='word_1_60' title='bbox 893 1476 1024 1552; x_wconf 57' lang='lat' dir='ltr'><strong>movete,</strong></span> 
     </span>
    </p>

    <p class='ocr_par' dir='ltr' id='par_1_4' title="bbox 350 1593 1179 1795">
     <span class='ocr_line' id='line_1_10' title="bbox 350 1593 1179 1675; baseline -0.006 -17"><span class='ocrx_word' id='word_1_61' title='bbox 350 1597 436 1658; x_wconf 86' lang='lat' dir='ltr'><strong>Sorte</strong></span> <span class='ocrx_word' id='word_1_62' title='bbox 449 1593 528 1671; x_wconf 84' lang='lat' dir='ltr'><strong>dete,</strong></span> <span class='ocrx_word' id='word_1_63' title='bbox 545 1613 629 1674; x_wconf 91' lang='lat' dir='ltr'><strong>quem</strong></span> <span class='ocrx_word' id='word_1_64' title='bbox 644 1613 708 1656; x_wconf 88' lang='lat' dir='ltr'><strong>sors</strong></span> <span class='ocrx_word' id='word_1_65' title='bbox 722 1594 915 1675; x_wconf 81' lang='lat' dir='ltr'><strong>condempnat</strong></span> <span class='ocrx_word' id='word_1_66' title='bbox 928 1593 974 1656; x_wconf 85' lang='lat' dir='ltr'><strong>vel</strong></span> <span class='ocrx_word' id='word_1_67' title='bbox 988 1611 1045 1673; x_wconf 92' lang='lat' dir='ltr'><strong>qua</strong></span> <span class='ocrx_word' id='word_1_68' title='bbox 1059 1593 1179 1672; x_wconf 83' lang='lat' dir='ltr'><strong>releget,</strong></span> 
     </span>
     <span class='ocr_line' id='line_1_11' title="bbox 350 1713 1030 1795; baseline -0.003 -17"><span class='ocrx_word' id='word_1_69' title='bbox 350 1716 405 1778; x_wconf 89' lang='lat' dir='ltr'><strong>Vel</strong></span> <span class='ocrx_word' id='word_1_70' title='bbox 419 1715 484 1792; x_wconf 90' lang='lat' dir='ltr'><strong>tibi,</strong></span> <span class='ocrx_word' id='word_1_71' title='bbox 500 1715 544 1778; x_wconf 85' lang='lat' dir='ltr'><strong>vel</strong></span> <span class='ocrx_word' id='word_1_72' title='bbox 558 1715 663 1795; x_wconf 89' lang='lat' dir='ltr'><strong>cuique</strong></span> <span class='ocrx_word' id='word_1_73' title='bbox 677 1713 793 1776; x_wconf 92' lang='lat' dir='ltr'><strong>domino</strong></span> <span class='ocrx_word' id='word_1_74' title='bbox 807 1733 911 1794; x_wconf 90' lang='lat' dir='ltr'><strong>parere</strong></span> <span class='ocrx_word' id='word_1_75' title='bbox 925 1713 1030 1795; x_wconf 76' lang='lat' dir='ltr'><strong>parali,</strong></span> 
     </span>
    </p>

    <p class='ocr_par' dir='ltr' id='par_1_5' title="bbox 349 1833 1115 2279">
     <span class='ocr_line' id='line_1_12' title="bbox 352 1833 1115 1916; baseline -0.005 -17"><span class='ocrx_word' id='word_1_76' title='bbox 352 1837 434 1909; x_wconf 89' lang='lat' dir='ltr'><strong>Quos</strong></span> <span class='ocrx_word' id='word_1_77' title='bbox 448 1837 506 1899; x_wconf 85' lang='lat' dir='ltr'><strong>dux</strong></span> <span class='ocrx_word' id='word_1_78' title='bbox 518 1835 680 1899; x_wconf 84' lang='lat' dir='ltr'><strong>Mercurius</strong></span> <span class='ocrx_word' id='word_1_79' title='bbox 691 1839 790 1916; x_wconf 86' lang='lat' dir='ltr'><strong>partes</strong></span> <span class='ocrx_word' id='word_1_80' title='bbox 804 1834 940 1916; x_wconf 88' lang='lat' dir='ltr'><strong>perduxit</strong></span> <span class='ocrx_word' id='word_1_81' title='bbox 953 1833 992 1896; x_wconf 86' lang='lat' dir='ltr'><strong>ed</strong></span> <span class='ocrx_word' id='word_1_82' title='bbox 1005 1834 1085 1896; x_wconf 87' lang='lat' dir='ltr'><strong>istas.</strong></span> <span class='ocrx_word' id='word_1_83' title='bbox 1101 1833 1115 1858; x_wconf 91' lang='lat'><strong>&#39;&#39;</strong></span> 
     </span>
     <span class='ocr_line' id='line_1_13' title="bbox 349 1954 1067 2039; baseline -0.004 -20"><span class='ocrx_word' id='word_1_84' title='bbox 349 1957 412 2020; x_wconf 86' lang='lat' dir='ltr'><strong>Rex</strong></span> <span class='ocrx_word' id='word_1_85' title='bbox 427 1961 536 2039; x_wconf 90' lang='lat' dir='ltr'><strong>stupet,</strong></span> <span class='ocrx_word' id='word_1_86' title='bbox 553 1961 582 2018; x_wconf 91' lang='lat' dir='ltr'><strong>et</strong></span> <span class='ocrx_word' id='word_1_87' title='bbox 595 1957 693 2018; x_wconf 84' lang='lat' dir='ltr'><strong>vultus</strong></span> <span class='ocrx_word' id='word_1_88' title='bbox 707 1955 846 2018; x_wconf 82' lang='lat' dir='ltr'><strong>extollens</strong></span> <span class='ocrx_word' id='word_1_89' title='bbox 860 1954 975 2018; x_wconf 86' lang='lat' dir='ltr'><strong>nomine</strong></span> <span class='ocrx_word' id='word_1_90' title='bbox 990 1954 1067 2017; x_wconf 92' lang='lat' dir='ltr'><strong>dicto</strong></span> 
     </span>
     <span class='ocr_line' id='line_1_14' title="bbox 350 2073 1078 2156; baseline 0 -18"><span class='ocrx_word' id='word_1_91' title='bbox 350 2077 497 2154; x_wconf 80' lang='lat' dir='ltr'><strong>Mercurii,</strong></span> <span class='ocrx_word' id='word_1_92' title='bbox 511 2075 607 2156; x_wconf 87' lang='lat' dir='ltr'><strong>querit</strong></span> <span class='ocrx_word' id='word_1_93' title='bbox 619 2077 770 2156; x_wconf 77' lang='lat' dir='ltr'><strong>legemque</strong></span> <span class='ocrx_word' id='word_1_94' title='bbox 782 2073 925 2156; x_wconf 88' lang='lat' dir='ltr'><strong>fidemque</strong></span> <span class='ocrx_word' id='word_1_95' title='bbox 939 2076 1078 2138; x_wconf 81' lang='lat' dir='ltr'><strong>virorum.</strong></span> 
     </span>
     <span class='ocr_line' id='line_1_15' title="bbox 351 2195 1083 2279; baseline -0.003 -19"><span class='ocrx_word' id='word_1_96' title='bbox 351 2196 542 2279; x_wconf 84' lang='lat' dir='ltr'><strong>Respondeas</strong></span> <span class='ocrx_word' id='word_1_97' title='bbox 554 2195 693 2276; x_wconf 81' lang='lat' dir='ltr'><strong>Engistns</strong></span> <span class='ocrx_word' id='word_1_98' title='bbox 706 2195 748 2258; x_wconf 85' lang='lat' dir='ltr'><strong>ait</strong></span> <span class='ocrx_word' id='word_1_99' title='bbox 763 2216 770 2256; x_wconf 94' lang='lat'>:</span> <span class='ocrx_word' id='word_1_100' title='bbox 787 2195 803 2221; x_wconf 71' lang='lat'><strong>‘³</strong></span> <span class='ocrx_word' id='word_1_101' title='bbox 813 2196 875 2258; x_wconf 88' lang='lat' dir='ltr'><strong>Nos</strong></span> <span class='ocrx_word' id='word_1_102' title='bbox 888 2195 1004 2260; x_wconf 83' lang='lat' dir='ltr'><strong>numine</strong></span> <span class='ocrx_word' id='word_1_103' title='bbox 1019 2197 1083 2275; x_wconf 89' lang='lat' dir='ltr'><strong>celi,</strong></span> 
     </span>
    </p>

    <p class='ocr_par' dir='ltr' id='par_1_6' title="bbox 350 2316 1167 2759">
     <span class='ocr_line' id='line_1_16' title="bbox 352 2316 1166 2395; baseline 0 -15"><span class='ocrx_word' id='word_1_104' title='bbox 352 2317 426 2381; x_wconf 87' lang='lat' dir='ltr'><strong>Cam</strong></span> <span class='ocrx_word' id='word_1_105' title='bbox 438 2318 509 2381; x_wconf 78' lang='lat' dir='ltr'><strong>Jove</strong></span> <span class='ocrx_word' id='word_1_106' title='bbox 522 2317 663 2380; x_wconf 81' lang='lat' dir='ltr'><strong>lunonem</strong></span> <span class='ocrx_word' id='word_1_107' title='bbox 676 2316 808 2393; x_wconf 87' lang='lat' dir='ltr'><strong>colimus,</strong></span> <span class='ocrx_word' id='word_1_108' title='bbox 825 2335 889 2380; x_wconf 89' lang='lat' dir='ltr'><strong>cam</strong></span> <span class='ocrx_word' id='word_1_109' title='bbox 903 2317 1021 2380; x_wconf 88' lang='lat' dir='ltr'><strong>Pallade</strong></span> <span class='ocrx_word' id='word_1_110' title='bbox 1033 2319 1166 2395; x_wconf 87' lang='lat' dir='ltr'><strong>Martem,</strong></span> 
     </span>
     <span class='ocr_line' id='line_1_17' title="bbox 352 2439 1167 2520; baseline -0.001 -19"><span class='ocrx_word' id='word_1_111' title='bbox 352 2439 565 2520; x_wconf 87' lang='lat' dir='ltr'><strong>Saturnumque</strong></span> <span class='ocrx_word' id='word_1_112' title='bbox 580 2456 688 2514; x_wconf 88' lang='lat' dir='ltr'><strong>senem,</strong></span> <span class='ocrx_word' id='word_1_113' title='bbox 705 2441 832 2520; x_wconf 84' lang='lat' dir='ltr'><strong>satyros,</strong></span> <span class='ocrx_word' id='word_1_114' title='bbox 849 2439 1010 2520; x_wconf 87' lang='lat' dir='ltr'><strong>faunosque</strong></span> <span class='ocrx_word' id='word_1_115' title='bbox 1024 2439 1167 2518; x_wconf 78' lang='lat' dir='ltr'><strong>laresque,</strong></span> 
     </span>
     <span class='ocr_line' id='line_1_18' title="bbox 352 2559 1098 2642; baseline 0 -20"><span class='ocrx_word' id='word_1_116' title='bbox 352 2561 362 2623; x_wconf 98' lang='lat' dir='ltr'><strong>l</strong></span> <span class='ocrx_word' id='word_1_117' title='bbox 367 2579 577 2640; x_wconf 89' lang='lat' dir='ltr'><strong>nnnmerosque</strong></span> <span class='ocrx_word' id='word_1_118' title='bbox 590 2559 678 2636; x_wconf 89' lang='lat' dir='ltr'><strong>elios;</strong></span> <span class='ocrx_word' id='word_1_119' title='bbox 694 2559 880 2642; x_wconf 87' lang='lat' dir='ltr'><strong>preponimus</strong></span> <span class='ocrx_word' id='word_1_120' title='bbox 895 2560 1028 2624; x_wconf 89' lang='lat' dir='ltr'><strong>omnibus</strong></span> <span class='ocrx_word' id='word_1_121' title='bbox 1042 2560 1098 2622; x_wconf 90' lang='lat' dir='ltr'><strong>illis</strong></span> 
     </span>
     <span class='ocr_line' id='line_1_19' title="bbox 350 2679 1089 2759; baseline 0.003 -17"><span class='ocrx_word' id='word_1_122' title='bbox 350 2679 536 2756; x_wconf 85' lang='lat' dir='ltr'><strong>Mercurium,</strong></span> <span class='ocrx_word' id='word_1_123' title='bbox 553 2679 602 2759; x_wconf 91' lang='lat' dir='ltr'><strong>qui</strong></span> <span class='ocrx_word' id='word_1_124' title='bbox 616 2699 669 2742; x_wconf 92' lang='lat' dir='ltr'><strong>nos</strong></span> <span class='ocrx_word' id='word_1_125' title='bbox 684 2683 713 2742; x_wconf 90' lang='lat' dir='ltr'><strong>et</strong></span> <span class='ocrx_word' id='word_1_126' title='bbox 726 2683 841 2741; x_wconf 87' lang='lat' dir='ltr'><strong>nostros</strong></span> <span class='ocrx_word' id='word_1_127' title='bbox 856 2679 955 2759; x_wconf 79' lang='lat' dir='ltr'><strong>dirigit</strong></span> <span class='ocrx_word' id='word_1_128' title='bbox 968 2685 1061 2744; x_wconf 87' lang='lat' dir='ltr'><strong>ectus.</strong></span> <span class='ocrx_word' id='word_1_129' title='bbox 1074 2681 1089 2706; x_wconf 90' lang='lat'><strong>&#39;&#39;</strong></span> 
     </span>
    </p>

    <p class='ocr_par' dir='ltr' id='par_1_7' title="bbox 352 2798 1050 3000">
     <span class='ocr_line' id='line_1_20' title="bbox 352 2798 1050 2880; baseline 0.001 -17"><span class='ocrx_word' id='word_1_130' title='bbox 352 2799 412 2864; x_wconf 83' lang='lat' dir='ltr'><strong>Rex</strong></span> <span class='ocrx_word' id='word_1_131' title='bbox 426 2800 465 2862; x_wconf 86' lang='lat' dir='ltr'><strong>nit</strong></span> <span class='ocrx_word' id='word_1_132' title='bbox 479 2801 600 2880; x_wconf 79' lang='lat' dir='ltr'><strong>Engisto</strong></span> <span class='ocrx_word' id='word_1_133' title='bbox 618 2821 624 2860; x_wconf 93' lang='lat'>:</span> <span class='ocrx_word' id='word_1_134' title='bbox 638 2799 654 2824; x_wconf 68' lang='lat'><strong>³*</strong></span> <span class='ocrx_word' id='word_1_135' title='bbox 668 2801 810 2862; x_wconf 77' lang='lat' dir='ltr'><strong>Personas</strong></span> <span class='ocrx_word' id='word_1_136' title='bbox 824 2798 912 2880; x_wconf 80' lang='lat' dir='ltr'><strong>diligo</strong></span> <span class='ocrx_word' id='word_1_137' title='bbox 927 2805 1050 2879; x_wconf 78' lang='lat' dir='ltr'><strong>vestras,</strong></span> 
     </span>
     <span class='ocr_line' id='line_1_21' title="bbox 352 2917 1044 3000; baseline 0.001 -19"><span class='ocrx_word' id='word_1_138' title='bbox 352 2919 486 2982; x_wconf 85' lang='lat' dir='ltr'><strong>Errorem</strong></span> <span class='ocrx_word' id='word_1_139' title='bbox 500 2923 682 3000; x_wconf 80' lang='lat' dir='ltr'><strong>vestramque</strong></span> <span class='ocrx_word' id='word_1_140' title='bbox 695 2917 782 2982; x_wconf 90' lang='lat' dir='ltr'><strong>fidem</strong></span> <span class='ocrx_word' id='word_1_141' title='bbox 797 2918 927 2982; x_wconf 89' lang='lat' dir='ltr'><strong>detestor</strong></span> <span class='ocrx_word' id='word_1_142' title='bbox 940 2925 970 2984; x_wconf 84' lang='lat' dir='ltr'><strong>et</strong></span> <span class='ocrx_word' id='word_1_143' title='bbox 981 2920 1044 2996; x_wconf 87' lang='lat' dir='ltr'><strong>odi;</strong></span> 
     </span>
    </p>

    <p class='ocr_par' dir='ltr' id='par_1_8' title="bbox 351 3039 1186 3242">
     <span class='ocr_line' id='line_1_22' title="bbox 352 3039 1186 3122; baseline 0.002 -20"><span class='ocrx_word' id='word_1_144' title='bbox 352 3039 412 3102; x_wconf 90' lang='lat' dir='ltr'><strong>Sed</strong></span> <span class='ocrx_word' id='word_1_145' title='bbox 425 3045 521 3102; x_wconf 89' lang='lat' dir='ltr'><strong>tamea</strong></span> <span class='ocrx_word' id='word_1_146' title='bbox 535 3040 601 3102; x_wconf 83' lang='lat' dir='ltr'><strong>sula</strong></span> <span class='ocrx_word' id='word_1_147' title='bbox 613 3043 693 3121; x_wconf 85' lang='lat' dir='ltr'><strong>petet</strong></span> <span class='ocrx_word' id='word_1_148' title='bbox 707 3057 771 3102; x_wconf 88' lang='lat' dir='ltr'><strong>mee</strong></span> <span class='ocrx_word' id='word_1_149' title='bbox 783 3039 876 3102; x_wconf 84' lang='lat' dir='ltr'><strong>vobis.</strong></span> <span class='ocrx_word' id='word_1_150' title='bbox 920 3040 1053 3122; x_wconf 87' lang='lat' dir='ltr'><strong>Undique</strong></span> <span class='ocrx_word' id='word_1_151' title='bbox 1067 3043 1186 3104; x_wconf 82' lang='lat' dir='ltr'><strong>turbent</strong></span> 
     </span>
     <span class='ocr_line' id='line_1_23' title="bbox 351 3159 1126 3242; baseline 0.001 -19"><span class='ocrx_word' id='word_1_152' title='bbox 351 3160 413 3223; x_wconf 91' lang='lat' dir='ltr'><strong>Nos</strong></span> <span class='ocrx_word' id='word_1_153' title='bbox 427 3160 525 3224; x_wconf 86' lang='lat' dir='ltr'><strong>hostes</strong></span> <span class='ocrx_word' id='word_1_154' title='bbox 541 3182 548 3222; x_wconf 91' lang='lat'>:</span> <span class='ocrx_word' id='word_1_155' title='bbox 565 3179 686 3242; x_wconf 88' lang='lat' dir='ltr'><strong>presens</strong></span> <span class='ocrx_word' id='word_1_156' title='bbox 700 3179 823 3240; x_wconf 78' lang='lat' dir='ltr'><strong>regnum</strong></span> <span class='ocrx_word' id='word_1_157' title='bbox 837 3159 985 3224; x_wconf 81' lang='lat' dir='ltr'><strong>defendite</strong></span> <span class='ocrx_word' id='word_1_158' title='bbox 998 3182 1126 3240; x_wconf 87' lang='lat' dir='ltr'><strong>meeum;</strong></span> 
     </span>
    </p>

    <p class='ocr_par' dir='ltr' id='par_1_9' title="bbox 352 3279 1090 3486">
     <span class='ocr_line' id='line_1_24' title="bbox 352 3279 1090 3362; baseline 0 -20"><span class='ocrx_word' id='word_1_159' title='bbox 352 3281 388 3342; x_wconf 89' lang='lat' dir='ltr'><strong>Et</strong></span> <span class='ocrx_word' id='word_1_160' title='bbox 401 3299 466 3344; x_wconf 90' lang='lat' dir='ltr'><strong>eum</strong></span> <span class='ocrx_word' id='word_1_161' title='bbox 480 3281 577 3343; x_wconf 82' lang='lat' dir='ltr'><strong>restro</strong></span> <span class='ocrx_word' id='word_1_162' title='bbox 590 3299 670 3342; x_wconf 91' lang='lat' dir='ltr'><strong>meos</strong></span> <span class='ocrx_word' id='word_1_163' title='bbox 681 3279 774 3342; x_wconf 85' lang='lat' dir='ltr'><strong>virtus</strong></span> <span class='ocrx_word' id='word_1_164' title='bbox 787 3279 968 3362; x_wconf 81' lang='lat' dir='ltr'><strong>superaverit</strong></span> <span class='ocrx_word' id='word_1_165' title='bbox 980 3280 1090 3358; x_wconf 88' lang='lat' dir='ltr'><strong>hostes,</strong></span> 
     </span>
     <span class='ocr_line' id='line_1_25' title="bbox 352 3399 1013 3486; baseline 0.003 -22"><span class='ocrx_word' id='word_1_166' title='bbox 352 3403 472 3467; x_wconf 89' lang='lat' dir='ltr'><strong>Deliciis</strong></span> <span class='ocrx_word' id='word_1_167' title='bbox 487 3403 649 3486; x_wconf 91' lang='lat' dir='ltr'><strong>opibusque</strong></span> <span class='ocrx_word' id='word_1_168' title='bbox 663 3402 733 3464; x_wconf 90' lang='lat' dir='ltr'><strong>meis</strong></span> <span class='ocrx_word' id='word_1_169' title='bbox 746 3399 776 3466; x_wconf 91' lang='lat' dir='ltr'><strong>in</strong></span> <span class='ocrx_word' id='word_1_170' title='bbox 789 3421 862 3485; x_wconf 84' lang='lat' dir='ltr'><strong>paee</strong></span> <span class='ocrx_word' id='word_1_171' title='bbox 874 3403 1013 3468; x_wconf 82' lang='lat' dir='ltr'><strong>fruemur.</strong></span> 
     </span>
    </p>

    <p class='ocr_par' dir='ltr' id='par_1_10' title="bbox 352 3523 1130 3968">
     <span class='ocr_line' id='line_1_26' title="bbox 354 3523 1017 3604; baseline 0.002 -17"><span class='ocrx_word' id='word_1_172' title='bbox 354 3523 386 3587; x_wconf 93' lang='lat' dir='ltr'><strong>Si</strong></span> <span class='ocrx_word' id='word_1_173' title='bbox 399 3544 452 3586; x_wconf 87' lang='lat' dir='ltr'><strong>vos</strong></span> <span class='ocrx_word' id='word_1_174' title='bbox 467 3523 619 3604; x_wconf 79' lang='lat' dir='ltr'><strong>contigerit</strong></span> <span class='ocrx_word' id='word_1_175' title='bbox 633 3528 782 3588; x_wconf 85' lang='lat' dir='ltr'><strong>consortes</strong></span> <span class='ocrx_word' id='word_1_176' title='bbox 797 3543 861 3586; x_wconf 90' lang='lat' dir='ltr'><strong>esse</strong></span> <span class='ocrx_word' id='word_1_177' title='bbox 875 3523 1017 3602; x_wconf 84' lang='lat' dir='ltr'><strong>laborum,</strong></span> 
     </span>
     <span class='ocr_line' id='line_1_27' title="bbox 352 3643 1130 3726; baseline 0.006 -21"><span class='ocrx_word' id='word_1_178' title='bbox 352 3644 512 3726; x_wconf 85' lang='lat' dir='ltr'><strong>Participes</strong></span> <span class='ocrx_word' id='word_1_179' title='bbox 527 3643 617 3720; x_wconf 88' lang='lat' dir='ltr'><strong>eritis,</strong></span> <span class='ocrx_word' id='word_1_180' title='bbox 635 3663 680 3706; x_wconf 89' lang='lat' dir='ltr'><strong>me</strong></span> <span class='ocrx_word' id='word_1_181' title='bbox 690 3643 803 3726; x_wconf 84' lang='lat' dir='ltr'><strong>judice,</strong></span> <span class='ocrx_word' id='word_1_182' title='bbox 819 3663 934 3726; x_wconf 89' lang='lat' dir='ltr'><strong>sempor</strong></span> <span class='ocrx_word' id='word_1_183' title='bbox 946 3645 1100 3710; x_wconf 87' lang='lat' dir='ltr'><strong>honoram.</strong></span> <span class='ocrx_word' id='word_1_184' title='bbox 1116 3647 1130 3672; x_wconf 89' lang='grc'>”</span> 
     </span>
     <span class='ocr_line' id='line_1_28' title="bbox 352 3765 1046 3848; baseline 0.003 -20"><span class='ocrx_word' id='word_1_185' title='bbox 352 3766 442 3843; x_wconf 87' lang='lat' dir='ltr'><strong>Dixit,</strong></span> <span class='ocrx_word' id='word_1_186' title='bbox 458 3765 619 3828; x_wconf 84' lang='lat' dir='ltr'><strong>Sexonibus</strong></span> <span class='ocrx_word' id='word_1_187' title='bbox 632 3765 741 3848; x_wconf 87' lang='lat' dir='ltr'><strong>pleeet;</strong></span> <span class='ocrx_word' id='word_1_188' title='bbox 759 3765 814 3828; x_wconf 92' lang='lat' dir='ltr'><strong>hoe</strong></span> <span class='ocrx_word' id='word_1_189' title='bbox 828 3767 948 3847; x_wconf 83' lang='lat' dir='ltr'><strong>regique</strong></span> <span class='ocrx_word' id='word_1_190' title='bbox 961 3765 1046 3830; x_wconf 91' lang='lat' dir='ltr'><strong>fidele</strong></span> 
     </span>
     <span class='ocr_line' id='line_1_29' title="bbox 353 3885 1021 3968; baseline 0 -18"><span class='ocrx_word' id='word_1_191' title='bbox 353 3885 531 3966; x_wconf 87' lang='lat' dir='ltr'><strong>Obsequium</strong></span> <span class='ocrx_word' id='word_1_192' title='bbox 546 3905 660 3968; x_wconf 88' lang='lat' dir='ltr'><strong>semper</strong></span> <span class='ocrx_word' id='word_1_193' title='bbox 674 3905 706 3949; x_wconf 88' lang='lat' dir='ltr'><strong>se</strong></span> <span class='ocrx_word' id='word_1_194' title='bbox 716 3885 819 3968; x_wconf 86' lang='lat' dir='ltr'><strong>jurent</strong></span> <span class='ocrx_word' id='word_1_195' title='bbox 832 3887 1021 3951; x_wconf 86' lang='lat' dir='ltr'><strong>exhibituros.</strong></span> 
     </span>
    </p>

    <p class='ocr_par' dir='ltr' id='par_1_11' title="bbox 352 4007 1123 4209">
     <span class='ocr_line' id='line_1_30' title="bbox 352 4007 1123 4090; baseline 0.003 -20"><span class='ocrx_word' id='word_1_196' title='bbox 352 4007 413 4072; x_wconf 90' lang='lat' dir='ltr'><strong>Nec</strong></span> <span class='ocrx_word' id='word_1_197' title='bbox 427 4027 518 4084; x_wconf 88' lang='lat' dir='ltr'><strong>more,</strong></span> <span class='ocrx_word' id='word_1_198' title='bbox 531 4007 676 4070; x_wconf 88' lang='lat' dir='ltr'><strong>Pictorum</strong></span> <span class='ocrx_word' id='word_1_199' title='bbox 689 4007 749 4070; x_wconf 92' lang='lat' dir='ltr'><strong>ruit</strong></span> <span class='ocrx_word' id='word_1_200' title='bbox 762 4008 897 4090; x_wconf 92' lang='lat' dir='ltr'><strong>impetus,</strong></span> <span class='ocrx_word' id='word_1_201' title='bbox 913 4009 990 4072; x_wconf 89' lang='lat' dir='ltr'><strong>ensis</strong></span> <span class='ocrx_word' id='word_1_202' title='bbox 1004 4013 1032 4070; x_wconf 88' lang='lat' dir='ltr'><strong>ef</strong></span> <span class='ocrx_word' id='word_1_203' title='bbox 1047 4008 1123 4090; x_wconf 83' lang='lat' dir='ltr'><strong>ignis</strong></span> 
     </span>
     <span class='ocr_line' id='line_1_31' title="bbox 352 4127 1051 4209; baseline 0 -19"><span class='ocrx_word' id='word_1_204' title='bbox 352 4127 496 4192; x_wconf 86' lang='lat' dir='ltr'><strong>Bacentur</strong></span> <span class='ocrx_word' id='word_1_205' title='bbox 510 4128 632 4209; x_wconf 86' lang='lat' dir='ltr'><strong>possim;</strong></span> <span class='ocrx_word' id='word_1_206' title='bbox 650 4129 801 4191; x_wconf 78' lang='lat' dir='ltr'><strong>confestim</strong></span> <span class='ocrx_word' id='word_1_207' title='bbox 816 4129 896 4192; x_wconf 86' lang='lat' dir='ltr'><strong>ducit</strong></span> <span class='ocrx_word' id='word_1_208' title='bbox 910 4129 937 4190; x_wconf 90' lang='lat' dir='ltr'><strong>in</strong></span> <span class='ocrx_word' id='word_1_209' title='bbox 952 4130 1051 4192; x_wconf 90' lang='lat' dir='ltr'><strong>hostes</strong></span> 
     </span>
    </p>
   </div>
   <div class='ocr_carea' id='block_1_4' title="bbox 0 0 1610 5134">
    <p class='ocr_par' dir='ltr' id='par_1_12' title="bbox 0 0 1610 5134">
     <span class='ocr_line' id='line_1_32' title="bbox 0 0 1610 5134; baseline 0 0"><span class='ocrx_word' id='word_1_210' title='bbox 0 0 1610 5134; x_wconf 95' lang='lat' dir='ltr'><strong> </strong></span> 
     </span>
    </p>
   </div>
  </div>
 </body>
</html>
