3206 5134
361 471 399 532 56
637 485 744 530 cesar
765 485 879 531 naseu
900 487 1115 532 nnrrrnnra.

358 599 452 670 Quam
467 596 554 658 subiti
569 595 689 658 dubium
703 595 770 658 betti
785 601 929 660 certarnen
942 597 1030 674 inirc;

356 720 440 781 Unda
454 719 508 780 sub
522 718 577 779 hec
591 717 683 778 torma
698 716 848 778 discordes
864 717 931 779 unio
945 719 1025 800 pacis

356 841 474 922 alligat.
517 839 645 902 Efficitur
659 838 792 922 subjecta
806 839 955 902 Britannia
970 841 1070 904 Rome.

355 963 498 1043 Aruirago
514 961 656 1026 Genuissa
670 961 757 1023 datur
770 979 853 1024 sacra
868 961 975 1025 Cesare
989 963 1126 1045 conjunx.

356 1085 494 1150 Claudius
508 1084 576 1148 inde
588 1084 665 1146 redit
678 1085 809 1160 Romam,
826 1084 993 1166 potiturque
1005 1087 1162 1168 triumpho.

355 1206 495 1272 Condidit
507 1206 665 1268 Ecclesiam
679 1211 749 1268 tune
762 1206 901 1288 temporis
916 1207 1120 1270 Antiochenam

354 1331 475 1405 Petrus;
492 1333 521 1390 et
534 1328 601 1390 inde
615 1333 718 1410 petens
734 1329 854 1391 Romam
869 1329 1022 1392 decoratur
1038 1331 1148 1395 honore

355 1446 514 1524 t‘ontiiicis,
530 1447 706 1528 decoratque
720 1467 813 1525 suam,
830 1467 861 1509 se
875 1449 1004 1531 preside,
1020 1450 1129 1514 sedeur.

355 1568 490 1631 Destinat
503 1566 541 1628 ad
555 1566 675 1628 Pharios
689 1569 828 1644 Marcum,
845 1569 893 1648 qui
909 1569 1040 1651 predicat
1053 1571 1119 1649 illis,

354 1689 434 1751 Voce
448 1687 575 1764 leonina,
589 1693 657 1770 post
671 1693 791 1750 mortem
805 1689 902 1752 vivere
916 1690 1073 1754 Christum.

354 1808 512 1889 Aruiragus
530 1827 598 1870 vero
612 1827 733 1888 reguum
748 1809 887 1890 regnique
902 1811 1079 1892 propinquas

356 1895 479 1990 Pacifice
492 1931 585 1990 terres
598 1928 684 2008 regit,
702 1933 731 1989 et
745 1930 854 2010 pollere
869 1931 968 2010 vigore

353 2053 388 2112 Et
401 2068 489 2110 sensu
504 2048 592 2129 cepit.
637 2051 742 2128 Urbes,
758 2053 874 2114 castella
889 2052 1048 2134 domosque

352 2171 485 2248 edinen,
501 2171 639 2251 legesque
653 2191 743 2234 novas
759 2177 789 2234 et
802 2174 933 2256 principe
948 2177 1049 2257 dignas

353 2293 469 2359 Condit.
513 2293 625 2357 Cuncta
640 2294 738 2356 videns
752 2295 808 2356 sibi
823 2297 1012 2374 subcessisse,
1028 2301 1170 2382 superbit,

350 2419 541 2498 iuratumque
555 2422 642 2497 negat
654 2415 790 2480 Romanis
804 2418 917 2479 solvere
932 2439 1059 2482 censum.

352 2538 500 2616 Claudius,
517 2537 662 2600 auditura
677 2542 768 2618 gesta,
785 2538 995 2618 Vespasianum

351 2659 458 2739 Dirigit
472 2659 500 2720 in
515 2659 659 2721 Britones.
702 2659 807 2720 Missus
823 2679 886 2721 cum
900 2659 989 2721 milite
1004 2662 1105 2736 multo,

351 2781 485 2861 Applicat
499 2780 526 2842 in
541 2787 628 2862 portu
643 2781 764 2862 Rutupi.
808 2783 869 2844 Rex
884 2781 963 2844 ocius
978 2802 1049 2844 aura

351 2901 488 2962 Hostibus
502 2919 669 2977 occurrens,
685 2901 796 2964 collatis
809 2902 935 2982 denegat
948 2903 1035 2964 armis

349 3001 498 3084 introitum
513 3023 596 3102 regni
611 3023 715 3098 Latiis;
735 3023 864 3104 Latiique
879 3026 987 3106 rcpnlsi

351 3142 478 3206 Carbasa
492 3143 562 3206 dant
575 3146 663 3221 Euro,
676 3145 725 3226 qui
739 3147 858 3208 ctessern
874 3146 985 3209 tlamine
999 3155 1078 3210 recto

350 3262 395 3324 Ad
409 3263 477 3326 litus
491 3266 656 3328 'rotonense
670 3266 769 3328 trabit.
812 3269 896 3330 Tunc
910 3268 1104 3349 Vespasianus

350 3383 475 3447 Obsidet
488 3384 634 3448 Exoniem.
677 3389 738 3450 Rex
752 3388 911 3469 Aruiragus
924 3391 1065 3470 cunciquc

350 3503 493 3566 innumeri
506 3505 658 3568 Britonum
672 3509 794 3570 tendunt
808 3509 886 3587 illuc,
902 3512 1056 3592 Latiosque

348 3623 472 3686 Fortiter
486 3624 634 3690 invadunt.
678 3629 824 3692 Laticrum
839 3633 925 3694 turba
938 3639 1092 3714 repugnat.

346 3744 438 3806 Nemo
453 3746 561 3808 referre
574 3752 672 3829 potest
685 3755 756 3829 quot
769 3770 891 3833 corpora
905 3755 1013 3816 suntin
1029 3755 1129 3816 eodem

348 3866 501 3928 Interfecto
514 3867 573 3930 die.
615 3870 641 3930 N
645 3870 693 3932 ulti
707 3871 825 3934 victoria
840 3875 915 3954 parti

347 3985 444 4050 Cessit
457 3988 507 4066 ibi,
524 3989 617 4054 donee
631 3997 731 4055 exorta
745 3995 808 4056 luce
823 3997 954 4076 sequenti

346 4109 377 4170 tn
391 4110 516 4174 medium
533 4111 677 4177 Genuissa
691 4117 770 4179 stetit
783 4117 863 4198 pacis
876 4118 1036 4196 mediatrix,
