3226 5168
634 529 738 575 uren
756 525 935 573 surmus.

269 649 431 714 Arboribus
446 647 520 710 cesis
534 643 687 708 includunt
700 642 839 704 Saxones.
883 637 941 719 ipsi

270 771 342 835 cnm
356 769 412 832 sibi
426 767 591 852 preclusum
605 765 727 826 cernunt
739 761 795 823 iter
808 755 989 840 egrediendi,

269 891 313 953 Ne
325 891 401 952 ieme
414 888 582 970 depereant,
599 883 684 946 vitam
698 877 895 944 tantummodo
910 894 1008 958 regem

269 1012 408 1086 Poscant,
424 1013 453 1070 et
462 1007 566 1090 jurent
580 1005 658 1086 quod
672 1001 824 1084 vectigeiie
838 1000 931 1062 solvet

270 1133 372 1193 Annua
384 1126 558 1191 christicolis
573 1123 728 1188 Germanic
741 1139 825 1184 servs
839 1117 996 1182 britannis.

270 1250 420 1331 Quidquid
433 1251 542 1312 hebent
554 1247 616 1329 regi
630 1246 792 1310 concedunt
804 1243 862 1308 erio
875 1247 905 1306 et
917 1241 990 1305 euri.

270 1375 329 1435 Hec
342 1371 440 1434 audite
453 1373 548 1454 pleoet
560 1390 608 1434 res
621 1369 694 1450 regi,
708 1368 813 1431 liberet
824 1367 934 1446 hostes,

270 1495 487 1575 obsidibusque
501 1493 576 1556 dctis
590 1492 628 1555 ed
641 1491 761 1574 proprie
775 1490 874 1570 dirigit
887 1489 962 1552 ilios.

271 1616 454 1697 ingressique
467 1620 544 1678 retes
559 1614 728 1696 expendunt
740 1613 828 1676 lintea
841 1611 950 1686 ventis;

269 1742 388 1822 Jamque
401 1739 488 1803 meris
502 1739 627 1803 medinm
642 1739 728 1814 necti,
741 1738 804 1820 jem
817 1737 903 1799 iitoru
916 1736 999 1817 regni

272 1861 429 1924 Cernentes
444 1860 541 1943 patrii,
558 1879 622 1922 curn
636 1879 668 1921 se
683 1859 744 1921 sine
758 1857 844 1921 leude
857 1857 953 1920 redire

274 1983 473 2065 conspiciunt,
489 1981 611 2045 rediisse
623 1982 718 2065 piget3
734 1980 891 2063 pugnando
906 1978 1001 2061 perire

273 2104 367 2175 Quem
381 2103 423 2165 sie
436 2103 596 2184 degeneres
609 2102 787 2164 inhonestum
802 2101 908 2164 ducere
922 2100 1020 2177 vitem,

272 2225 422 2288 Putohrius
436 2245 500 2288 esse
513 2229 628 2307 putent.
671 2223 870 2287 Retroducunt
884 2243 953 2304 ergo
968 2223 1093 2301 munus,

271 2346 306 2407 Et
319 2345 388 2408 litus
403 2346 569 2410 Totcnense
583 2349 697 2428 petunt,
714 2349 744 2407 et
758 2345 825 2406 litus
839 2344 938 2426 adepti

271 2466 446 2529 Discurrunt
458 2487 593 2548 perrone
606 2486 688 2548 vege.
732 2466 813 2530 Furit
825 2466 901 2546 ignis
914 2467 943 2528 in
957 2465 1037 2543 edes,

272 2587 354 2648 Ensis
368 2587 397 2648 in
412 2587 569 2668 egrieoles;
585 2587 673 2649 nichil
687 2593 732 2650 est
745 2607 763 2649 e
775 2587 860 2650 litore
874 2586 953 2649 dicto

271 2708 408 2784 ddrnere
423 2709 576 2772 Sebrinum
591 2709 669 2788 quod
684 2729 741 2772 non
755 2709 793 2770 sit
806 2718 936 2791 tempore
950 2727 1040 2790 pereo

271 2828 459 2910 Subpositam
473 2828 569 2890 exitio.
613 2828 738 2892 Veniunt
751 2827 879 2890 Bedonis
893 2828 931 2891 ed
946 2829 1057 2904 urbem,

272 2947 487 3029 Obsessemque
501 2967 555 3010 suo
570 2953 712 3010 conentur
726 2947 852 3011 subdere
862 2947 936 3030 juri.

271 3068 427 3148 Postquam
441 3068 517 3130 inme
531 3068 572 3131 rei
586 3069 665 3148 regis
678 3068 860 3150 pervenitad
878 3088 975 3144 eures,

272 3191 379 3252 Horum
393 3189 543 3271 perfidiam
558 3190 678 3252 miratus
691 3189 785 3252 tendit
797 3189 827 3252 in
841 3190 956 3266 hostes3

272 3308 368 3372 Corde
382 3313 476 3371 temen
492 3309 664 3390 teriturque
678 3329 729 3372 rex
739 3309 820 3391 jacet
835 3328 904 3390 eger
918 3310 1035 3372 Hosius.

272 3429 428 3510 indignans
441 3430 529 3511 igitur
543 3429 605 3492 vise
617 3430 719 3511 procui
733 3429 895 3506 obsidione,

272 3549 319 3612 Sic
333 3550 375 3611 eit
390 3571 397 3610 :
414 3549 429 3574 “
442 3549 468 3612 0
483 3550 566 3627 socii,
583 3569 703 3630 quornm
718 3549 863 3632 probitate
877 3551 1013 3614 subactus

271 3669 347 3731 Solis
361 3671 397 3731 eb
411 3689 516 3733 occosu
530 3670 624 3733 nivem
638 3670 724 3732 modo
738 3669 808 3732 solis
823 3670 861 3734 ed
875 3675 981 3748 ortum,

271 3789 386 3852 Vertice
399 3790 550 3872 subposito
564 3795 642 3852 totus
656 3790 741 3853 michi
755 3791 862 3854 serviet
876 3791 969 3854 orbis!

272 3909 344 3972 Ecce
358 3909 483 3990 maligne
495 3911 611 3988 cohors,
628 3931 712 3991 quem
727 3910 871 3975 credimus
886 3911 989 3987 hostis,

272 4029 385 4110 Spretis
398 4050 454 4110 que
468 4029 590 4093 dederet
599 4031 821 4113 juramentoque
834 4031 959 4112 fideque,

273 4149 303 4212 ln
320 4155 449 4213 nostrum
462 4170 582 4231 regnum
596 4153 672 4216 ferro
687 4153 846 4217 becbentur
860 4157 889 4215 et
903 4153 975 4233 igni.

1106 4279 1120 4324 8
