3226 5168
382 527 437 596 ut
656 545 762 594 cesrr
784 543 897 592 nronu
920 543 1128 592 uarrrrnrm.

377 661 534 740 Postquam
548 658 637 740 stirps
652 657 813 734 Britonum,
829 656 925 738 posita
938 657 1061 730 ioritntc,

377 780 511 858 Dilucrit,
527 779 709 861 Dominoque
723 779 840 861 placens
855 779 1011 860 placaverit
1024 778 1114 854 illum,
1195 829 1199 836 .

377 901 411 962 Et
426 921 514 964 causa
528 905 670 977 cessante,
685 899 740 962 Dei
757 897 913 962 cessaverit
927 897 980 973 irs,

376 1025 423 1088 'l'u
438 1044 506 1086 vcro
521 1024 588 1104 quia
601 1027 669 1086 sunt
683 1027 733 1085 tua
747 1021 868 1084 crimina
881 1027 961 1098 vota,
978 1021 1084 1084 vetaris

377 1145 408 1208 ln
422 1164 512 1226 regno
527 1163 650 1226 regnare
664 1150 732 1220 tuo;
748 1142 883 1223 regnabis
897 1142 927 1204 in
942 1143 1000 1204 utto

377 1266 511 1329 celorum
527 1266 599 1328 solio
614 1269 682 1348 post
695 1264 748 1326 hec
763 1263 930 1328 discrimina
944 1263 1014 1326 rita.

377 1389 506 1452 Peccasti
523 1409 530 1448 ε
547 1393 576 1450 te
590 1389 728 1470 peniteat,
743 1405 865 1469 peccare
881 1385 996 1466 quiesce

377 1509 412 1570 Et
424 1514 492 1592 pete
510 1511 665 1573 Romanam
679 1508 795 1584 sedcm;
809 1513 861 1569 tua
874 1508 949 1569 fucta
962 1508 1053 1569 fatere

376 1630 493 1692 Summo
507 1629 646 1712 pontifici,
664 1629 712 1709 qni
726 1634 755 1690 te
770 1629 905 1710 purgabit
918 1629 954 1689 ab
969 1630 1044 1690 omni

377 1749 503 1813 Crimine
517 1750 595 1831 quod
609 1750 698 1812 tueris
712 1750 873 1825 confessus,
891 1749 1004 1829 erisque

377 1872 500 1933 Sanctus
515 1889 579 1933 cum
594 1871 700 1933 sanctis
715 1876 743 1932 et
757 1891 808 1932 rex
823 1870 850 1933 in
866 1871 955 1932 divite
970 1889 1071 1950 regno.
1087 1871 1101 1890 ”

417 1991 521 2054 Omnia
535 2011 584 2053 rex
598 1989 699 2054 audita
712 1991 779 2054 duci
793 1990 922 2056 declarat
935 1992 1038 2057 Aiano.

377 2111 425 2172 tlte
440 2110 611 2192 prophecias
627 2111 739 2191 Aquila,
756 2109 900 2190 docteque
914 2111 1025 2186 Sibille,

378 2224 549 2305 Mcrlinique
564 2225 621 2304 legi
634 2225 753 2301 inciens,
769 2224 809 2286 nit
824 2224 934 2286 invenit
946 2224 1010 2286 istis

379 2344 553 2427 Oppositum
567 2345 693 2406 monitis.
737 2345 786 2408 Sic
800 2362 869 2424 ergo
884 2345 1007 2408 consulit
1021 2346 1072 2421 itti,
1140 2347 1143 2354 '

378 2465 485 2527 Dicens
502 2487 508 2526 :
526 2466 540 2491 “
552 2467 687 2546 Angelice
702 2467 765 2528 voci
779 2485 882 2548 parcre
896 2472 1015 2548 paratus

378 2587 458 2666 Esto,
471 2587 575 2670 jussus
588 2587 636 2650 adi
651 2589 785 2665 Romam
802 2607 980 2669 regnumque
994 2587 1161 2652 Britannum

378 2709 465 2772 Filius
479 2710 543 2771 Yro
557 2714 625 2772 tuus
639 2707 739 2772 adiens
754 2729 818 2772 cum
833 2709 920 2771 milite
935 2709 1013 2783 torti,

378 2833 507 2896 Saxones
521 2831 682 2915 impugnet,
699 2851 735 2895 ne
749 2832 790 2894 sic
805 2833 866 2896 sine
879 2833 992 2895 vinitice
1007 2838 1136 2896 nostrum

378 2951 529 3014 Possideat
542 2970 663 3033 regnum
678 2957 779 3014 contra
788 2951 839 3034 jus
854 2971 925 3033 gens
940 2953 1062 3016 inimica.
1076 2953 1090 2976 ''

379 3072 536 3136 Consilium
550 3073 632 3136 ducis
647 3074 795 3136 Armorica
809 3095 859 3136 rex
874 3077 1028 3156 approbat,
1044 3076 1109 3136 exul

379 3193 521 3272 Discedit,
537 3195 635 3258 sedem
650 3196 728 3258 Petri
742 3197 828 3278 petit3
845 3195 951 3278 excipit
965 3197 1042 3259 ilium

378 3315 507 3396 Sergius,
524 3315 659 3392 absolvit,
675 3315 834 3380 confirmat.
878 3319 937 3382 Nec
953 3337 1043 3396 mora,
1059 3320 1176 3382 morbus

378 3439 465 3519 ttegis
479 3440 608 3502 membra
620 3444 732 3520 gravau,
750 3445 852 3503 nature
867 3441 965 3504 debita
979 3443 1092 3505 solvens

379 3554 409 3614 tn
425 3553 483 3614 duo
498 3552 635 3615 dividitur
652 3574 657 3612 :
675 3553 825 3618 descendit
838 3573 945 3636 corpus
959 3555 1044 3617 inane

378 3675 408 3734 tn
423 3674 522 3736 matris
536 3675 687 3756 gremium,
704 3675 741 3737 dc
755 3694 870 3739 carcere
883 3677 1012 3758 corporis
1027 3677 1084 3738 exit

378 3795 473 3874 Liber,
490 3803 519 3859 et
532 3797 663 3860 ascendit
675 3798 710 3860 ad
726 3799 841 3860 Patrem
855 3799 975 3881 spiritus
989 3800 1062 3882 ejus.

378 3919 482 3982 Secula
496 3939 546 3982 sex
561 3925 590 3982 et
602 3921 695 3983 lustra
709 3925 785 3997 octo,
802 3921 919 4004 dempto
933 3927 1026 3983 tamen
1043 3943 1111 4000 nno,

377 4039 448 4102 Post
462 4039 639 4103 incarnatum
653 4041 781 4106 Verbum
797 4042 908 4104 venisse
922 4043 1055 4104 feruutur

377 4161 450 4224 Cum
465 4161 665 4225 Cadualadrus
680 4164 732 4226 celi
748 4163 886 4227 successit
900 4163 937 4225 ad
951 4183 1056 4226 arcem.
