3226 5168
613 561 716 610 LIBER
736 563 896 616 QUINTUS.

240 677 362 740 Humani
376 676 489 758 generis
503 675 606 752 hostis,
622 693 706 755 quem
721 677 823 736 cuncta
838 673 990 736 molestant

242 798 305 869 Qua
318 802 396 860 recto
411 795 493 872 fiuut,
510 795 586 875 regis
599 793 766 877 prejudicat
779 794 878 869 unnis;

240 918 376 980 instinctu
391 917 437 1000 cuj
443 937 476 980 us
490 917 612 980 miscens
626 916 740 978 aconita
754 933 887 990 nouerca,

240 1037 349 1119 Piriogi
363 1038 451 1100 tradit
466 1037 581 1112 samnio,
597 1036 779 1116 famulusque
793 1034 930 1117 propinat

242 1159 288 1219 ilia
301 1179 354 1220 suo
369 1159 495 1220 domino.
539 1157 681 1220 Dominus
695 1158 814 1220 mortale
828 1143 969 1220 venenum

241 1279 377 1354 Assumit,
393 1284 532 1360 putatque
546 1297 626 1340 sunm
642 1297 706 1340 cum
720 1283 836 1340 nectare
850 1281 980 1340 mortem.

241 1397 312 1461 Cum
326 1399 389 1461 toro
402 1399 523 1462 vicinam
537 1403 657 1461 mortem
672 1398 726 1461 sibi
741 1399 837 1476 sentit,
854 1398 962 1460 amicos
1039 1387 1041 1390 ⁵

241 1519 387 1582 Convocat
400 1524 429 1581 et
443 1519 553 1596 socios;
570 1521 651 1600 large
665 1519 807 1601 dispergit
824 1519 852 1580 in
867 1537 966 1581 omnes

241 1639 322 1709 Quas
336 1640 494 1701 cumularat
508 1659 594 1720 opes3
612 1644 707 1702 monet
722 1639 785 1702 ilios
800 1643 832 1701 ut
846 1641 920 1700 bene
934 1629 1064 1720 pugnent

240 1761 296 1821 Pro
310 1759 414 1842 patria,
431 1765 598 1843 ponuntque
612 1780 694 1822 suum
710 1779 798 1842 super
811 1759 902 1822 ardna
917 1759 1023 1821 montis
1060 1749 1063 1754 ’

241 1880 371 1943 Culmina
384 1879 607 1963 sarcophagum,
624 1880 792 1942 fabricatum
807 1901 841 1941 cx
856 1900 904 1942 ere
918 1880 1045 1954 micanti,

241 2001 293 2062 iiic
307 2001 357 2062 ubi
373 2001 533 2064 Senonibus
547 2005 648 2084 portus
662 2021 734 2063 suns
748 2021 812 2062 esse
826 2001 946 2063 solebat.

241 2121 318 2183 Dicit
332 2122 406 2184 enirn
423 2143 430 2182 :
446 2121 461 2148 ‘¹
473 2122 506 2185 Si
520 2123 594 2184 sorte
609 2141 699 2185 meam
716 2121 887 2186 Germanica
900 2123 1030 2186 tumbam

241 2243 362 2322 Agmina
374 2243 565 2326 prospicient,
580 2244 736 2326 prebencia
749 2249 831 2324 terga
845 2245 991 2306 recedent.
1006 2243 1020 2268 '’

243 2365 279 2423 nt
292 2363 498 2426 Trinouantum
512 2369 607 2426 tamen
622 2369 667 2426 est
679 2365 838 2427 tumulatus
852 2363 881 2426 in
896 2367 980 2428 urbe.

282 2483 353 2546 inde
367 2485 422 2546 sibi
437 2489 560 2566 natoque
574 2489 657 2568 pater
671 2485 809 2562 succedit,
824 2485 942 2547 honoris

242 2604 352 2667 Ordine
363 2607 491 2668 turbato.
533 2608 640 2688 Regem
655 2607 756 2688 regina
768 2612 905 2690 precator

241 2723 278 2786 Ut
292 2729 407 2788 revocet
421 2745 563 2788 socerum.
606 2727 741 2804 Revocnt,
757 2727 950 2809 prohibetque
964 2729 1061 2791 venire

241 2845 364 2924 Agmina
378 2863 442 2907 cum
458 2865 570 2922 socero,
586 2847 734 2909 Britonum
749 2867 785 2909 na
801 2847 921 2910 suscitat
934 2847 1017 2923 iram,

241 2964 272 3026 Si
287 2967 386 3047 piures
401 2965 488 3028 ducat
502 2967 612 3042 socios3
627 2973 721 3030 tamen
736 2968 794 3044 iiie,
811 2975 911 3050 parata

242 3083 352 3162 Classe,
368 3091 543 3148 armatorum
556 3092 602 3149 ter
615 3095 728 3150 centum
743 3089 821 3150 milia
835 3089 923 3152 ducit.

241 3207 326 3268 Arma
341 3213 459 3270 movent
471 3208 621 3286 Britones;
636 3209 721 3272 fallax
735 3209 836 3291 regina
849 3213 960 3294 parenti

242 3327 356 3390 intimat
366 3329 433 3404 hoc,
449 3348 545 3409 regem
561 3333 590 3392 et
603 3349 738 3412 proceres
753 3333 807 3393 sub
821 3331 946 3413 tegmine
959 3333 1039 3414 pacis

241 3449 368 3512 Prodere
381 3450 508 3512 molitur.
551 3451 687 3532 Engistus
701 3453 817 3515 nunciat
830 3453 896 3529 iilis,

241 3571 347 3633 Dicens
364 3593 371 3632 ε
386 3570 402 3598 ‘³
413 3573 477 3633 Non
493 3591 546 3634 nos
560 3573 636 3636 bella
646 3575 761 3656 jurant,
778 3595 834 3637 uon
850 3593 928 3636 orma
941 3595 1089 3638 movemus

241 3693 271 3756 in
285 3699 411 3757 vestrum
426 3715 558 3777 regnum.
602 3697 715 3774 Pacem,
732 3719 788 3760 non
802 3699 903 3780 pretia,
919 3719 1018 3780 posco.

241 3815 283 3876 Ne
298 3815 458 3878 formidetis
473 3817 593 3878 classem
608 3837 814 3898 numerumque
829 3819 958 3882 virorum
976 3841 982 3880 ε

241 3931 345 3995 Vivere
358 3935 550 3998 Vortimerum
565 3937 727 4012 credontes,
743 3957 823 4000 arma
836 3939 966 4000 timentes
1207 3959 1268 4008 esso

243 4051 324 4133 Ejus,
341 4059 373 4115 ut
386 4057 507 4137 experti,
524 4077 577 4120 nos
591 4063 633 4119 tot
648 4063 799 4138 tantasque
814 4063 944 4120 catervas

244 4172 395 4250 Dnnimns,
409 4177 504 4256 utqui
520 4197 573 4238 nos
586 4179 660 4239 bello
674 4184 863 4259 superauerat
877 4185 955 4255 anm,
