3226 5168
34 494 40 504 ¹
160 509 167 522 '
237 487 479 578 Δ””1’0(ὶ“’
639 529 1110 576 essrrneeurrnurnrnurn.

361 646 481 708 Munere
493 665 525 707 se
538 643 681 726 phisicam
695 641 787 721 lingit,
803 641 962 722 doctusque
976 641 1145 706 Britannum

360 765 526 848 Eloquium;
542 763 728 845 monachique
742 763 824 845 nigro
839 763 949 826 velatus
962 763 1078 840 amictu,

359 885 537 950 wintoniam
550 885 655 961 tendit,
671 887 701 946 et
713 883 839 966 pisaidas
852 883 1074 965 innumerasque

359 1006 500 1072 Radioum
514 1005 627 1088 species
641 1023 799 1087 exponens,
815 1003 938 1086 suscipit
950 1005 1013 1084 egri

360 1127 477 1192 Curam.
519 1126 581 1188 Neo
595 1129 678 1188 curat
690 1124 833 1202 morbum,
850 1125 903 1188 sed
916 1125 1007 1188 currit
1020 1125 1050 1188 in
1064 1125 1130 1208 ejus

359 1249 495 1322 Mortem
511 1263 576 1309 natu
590 1245 708 1308 mixtum
722 1264 787 1308 oum
801 1244 870 1308 duni
883 1245 966 1308 melle
979 1265 1119 1309 venenum

359 1367 487 1448 Porrigit
501 1373 612 1448 egroto.
656 1367 825 1428 Porrectum
840 1365 962 1447 suscipit
975 1385 1055 1446 eger,

360 1489 533 1570 Suseeptum
547 1487 647 1550 mortis
661 1489 760 1569 potum
774 1503 840 1549 oum
854 1489 970 1548 nesure
984 1489 1075 1566 potat.

358 1607 428 1670 inde
442 1607 516 1688 fugit
528 1607 673 1690 phisicus3
689 1605 822 1668 conditur
835 1623 915 1668 more
929 1624 1058 1680 suorum,

360 1726 500 1792 Conditus
513 1727 543 1790 in
556 1727 667 1790 tumulo
681 1730 790 1788 nonest
804 1727 858 1789 sub
873 1729 968 1788 monte
983 1724 1085 1790 Corne.

398 1849 471 1911 Ecce
485 1866 590 1910 novum
605 1847 696 1924 sidus,
713 1847 823 1910 cunctis
836 1847 997 1926 fulgenoius
1010 1847 1096 1909 astris

358 1967 578 2047 Mirandumque
590 1967 692 2048 magis,
708 1967 738 2030 in
752 1965 851 2030 eadem
866 1971 950 2032 nocte
963 1973 1110 2044 coruscat;

358 2087 501 2150 Horriferi
516 2086 643 2168 speeiem
656 2088 765 2169 profert
776 2105 850 2150 noua
863 2088 945 2150 stella
959 2087 1105 2162 maeonis,

358 2211 394 2270 Et
406 2209 464 2270 duo
478 2205 640 2288 procedunt
652 2206 726 2269 radii
739 2207 881 2289 serpentis
895 2210 932 2270 ab
946 2227 1007 2284 ore,

358 2329 394 2390 Et
407 2327 521 2391 diversa
533 2331 648 2409 petunt.
690 2327 772 2391 Unus
785 2331 866 2390 trans
880 2327 991 2392 Gallica
1003 2347 1094 2409 regna
1141 2321 1146 2330 “

358 2448 476 2525 Tendit,
491 2448 530 2511 ad
543 2449 683 2512 australes
698 2449 861 2512 extenditur
875 2451 947 2512 alter
961 2449 1125 2531 Hybernos.

357 2568 466 2632 Sideris
479 2573 626 2651 aspectus,
642 2573 802 2632 monstmun
815 2569 945 2632 mirabile
958 2569 1033 2645 visu

358 2689 462 2753 tnoutit
473 2689 623 2752 horrorem
636 2689 849 2769 spectantibns;
866 2689 980 2753 inolitus
993 2691 1084 2753 Uther

358 2809 518 2890 Augurium
531 2808 604 2871 vatis
616 2809 739 2886 Martini,
755 2809 825 2889 quid
839 2809 893 2872 sibi
908 2810 999 2886 sidus,

359 2928 439 3002 Quid
452 2930 552 3006 draeo,
567 2929 638 3009 quid
649 2929 736 3006 radii,
751 2929 854 2993 divisio
869 2931 939 3011 quid
952 2931 1097 2994 radiorum

357 3050 438 3125 Vult,
449 3048 535 3131 jubet
547 3047 665 3129 inquiri.
708 3049 810 3126 Vates,
826 3049 895 3112 dum
910 3051 1029 3132 spiritus
1042 3051 1141 3128 intrat,

357 3169 500 3252 Suspirat,
515 3169 610 3232 fremit
624 3174 653 3232 et
666 3171 802 3251 trepidat,
817 3170 877 3248 flat,
893 3173 998 3234 elamat
1013 3177 1042 3234 et
1053 3172 1145 3252 inquit
1163 3195 1168 3233 :
1321 3195 1381 3242 sato

355 3291 370 3317 ‘¹
383 3291 409 3354 Ο
424 3289 502 3370 regis
517 3295 614 3352 ossusl
630 3309 647 3351 o
661 3291 777 3371 publica
790 3311 876 3373 pena,
892 3291 976 3354 ruina

355 3409 532 3486 Communis,
548 3410 627 3488 nullo
640 3411 803 3491 reparabile
817 3417 946 3494 tempore
960 3411 1128 3492 dampnum}

356 3529 489 3592 Aurelius
502 3529 598 3610 periit,
614 3531 668 3592 sub
683 3550 740 3610 quo
753 3536 893 3612 pereunte
906 3532 1047 3614 perimus;

356 3650 416 3714 Sed
429 3652 502 3713 bene
516 3650 660 3714 consuluit
674 3655 773 3715 nostro
787 3653 859 3714 deus
873 3652 935 3735 ipse
950 3653 1069 3734 periclo,

357 3772 446 3846 Quod
459 3771 543 3847 viris,
560 3771 723 3854 dignusque
737 3779 819 3854 potes
835 3775 973 3837 suoadere
986 3775 1080 3838 fratri.

354 3892 486 3956 Fostines
498 3893 587 3973 igitur
599 3893 698 3957 hostes
712 3894 848 3958 invadere
860 3896 948 3972 terro,

355 4013 457 4094 Pugna
469 4032 522 4094 pro
535 4014 641 4096 patria,
657 4032 750 4096 prope
763 4019 821 4077 stat
834 4015 954 4078 victoria
967 4019 1072 4080 tecum.

355 4133 398 4197 'i'e
413 4132 500 4197 muco
515 4135 669 4217 significat,
682 4135 758 4200 radii
772 4137 829 4199 duo
844 4140 912 4200 sunt
925 4141 975 4200 tua
989 4139 1086 4218 proles
