3226 5168
632 527 735 571 nrnen
756 527 876 572 nonos.
1213 509 1267 571 155

240 638 432 702 Godmundus
446 657 534 700 neves
548 637 709 714 adducens,
725 637 812 698 intrat
826 626 979 717 llybernes

239 758 507 842 Utsuperatlines.
552 757 760 832 CniSaxones,
776 757 973 838 impieturba‚
1206 777 1267 825 tenu

240 885 278 945 Se
292 881 414 957 sociant,
430 879 606 959 veniuntque
621 878 705 940 simul
719 896 783 940 cnm
798 877 921 940 lortibns
934 878 1021 940 aruris

240 1006 271 1065 ln
288 1003 430 1078 Britones,
445 1001 607 1080 bellumque
621 1003 747 1073 movent,
764 1015 942 1078 regnumque
957 999 1105 1061 lacescunt

241 1123 358 1204 lgnibns
373 1128 402 1185 el
414 1124 509 1196 lerro;
525 1141 578 1184 nec
592 1121 634 1184 eis
649 1121 765 1182 obstare
779 1118 910 1182 Britanni

241 1244 403 1306 Sufficiunl.
448 1243 543 1314 Quem
557 1240 649 1304 civilia
662 1241 738 1302 bella
751 1245 900 1304 moventes

242 1365 378 1428 llostibus
392 1363 554 1443 indulgent,
568 1363 667 1424 bosles
678 1379 834 1442 regemque
848 1379 990 1442 suumque

242 1488 389 1561 lnleslaut,
405 1483 580 1564 timidosque
592 1483 707 1563 fugant,
722 1481 923 1564 perimuntque
937 1484 1063 1564 lagatos.

241 1609 324 1671 Alma
337 1607 442 1669 cohors
456 1605 535 1682 oleri,
550 1609 714 1667 sanctornm
729 1622 852 1686 corpora
866 1609 993 1683 gestans,

242 1729 393 1806 Ecclesiae,
408 1726 578 1807 reditusque
593 1745 673 1803 snos,
690 1726 871 1808 patriamque
884 1727 1010 1808 reliquit.

243 1853 375 1934 Occupat
388 1855 486 1913 extera
498 1867 570 1930 gens
584 1853 696 1932 partem
710 1849 814 1912 misere
827 1850 964 1930 regionis,

241 1975 277 2036 Et
291 1977 401 2056 perlem
416 1971 542 2034 rel-ineui-
555 1970 689 2034 Brilones
703 1970 767 2034 sibi.
812 1971 892 2051 Rege
905 1972 1044 2036 Britanno

242 2096 334 2156 Terra
347 2093 398 2156 diu
411 2091 513 2169 caruit,
527 2097 557 2154 et
570 2093 699 2155 Senones
712 2091 897 2154 instituerunt

243 2215 316 2276 'l'res
330 2213 413 2276 simul
429 2218 478 2274 aut
492 2214 589 2295 plures
603 2231 688 2294 reges
702 2211 773 2288 sibi;
789 2213 842 2276 sed
855 2213 992 2278 diuturne

243 2337 318 2398 Pace
330 2336 388 2398 frtri
402 2342 559 2416 nequeunt,
574 2355 638 2398 narn
653 2355 684 2397 se
698 2335 871 2416 quandoque
885 2337 1011 2400 cruentis

245 2459 382 2520 lnlestaut
395 2457 493 2532 armis,
508 2463 538 2520 et
551 2477 601 2520 eos
615 2457 789 2538 quandoque
803 2458 941 2520 Britanni.

245 2579 305 2640 llno
319 2578 525 2659 angustinum,
541 2577 650 2640 meritis
664 2583 694 2640 et
709 2579 822 2640 nornine
837 2579 956 2656 clarum,

246 2699 402 2778 Gregorius
417 2699 516 2779 presul
529 2699 675 2762 Romanus
690 2699 787 2776 mittit,
803 2705 836 2762 nt
851 2702 959 2781 Anglos

245 2819 400 2882 Converlal
414 2819 572 2898 doceatque
586 2817 671 2880 fidem
687 2825 881 2901 preceptaque
896 2821 1012 2884 Christi.

245 2939 385 3002 Ecclesiae
399 2939 487 3019 igilur
502 2939 650 3002 Britonum
665 2942 779 3020 legatus
793 2947 822 3002 et
835 2942 922 3004 urbes

244 3060 362 3138 Visilat,
378 3067 407 3122 el
419 3065 548 3124 sanctum
564 3081 661 3124 semen
676 3062 843 3124 disseminat
856 3063 921 3126 illis.

245 3183 359 3262 Septem
375 3181 538 3263 presulibus
552 3187 639 3262 alque
653 3181 850 3264 archipresule
864 3182 972 3264 gaudet

246 3303 316 3364 Pers
331 3302 480 3364 Britonum
495 3307 523 3364 et
537 3302 633 3364 multis
647 3303 811 3378 abbatibus,
827 3309 856 3366 ct
868 3305 1071 3368 monachornm

245 3423 363 3486 Calibus
376 3423 544 3498 innumeris,
562 3425 707 3504 cleroque,
724 3426 845 3506 Deoqne
859 3425 961 3488 dicatis

244 3543 423 3624 Virginibus,
440 3563 514 3626 quos
528 3548 646 3606 sanctus
660 3544 723 3607 adit
735 3546 865 3626 legelus;
882 3550 910 3608 et
923 3546 979 3610 illis

244 3665 351 3728 Accitis
365 3665 458 3746 iuquit
474 3687 480 3727 :
497 3666 512 3690 ‘¹
524 3666 668 3742 Britones,
684 3687 736 3730 nos
751 3668 849 3749 dirigit
863 3670 900 3732 ad
915 3689 966 3732 vos

244 3787 344 3864 lloma,
361 3793 449 3868 capul
462 3807 569 3869 rerum,
585 3789 631 3852 eui
645 3809 696 3852 vos
710 3788 822 3852 debetis
836 3791 985 3866 honorem,

244 3907 292 3984 Ut,
308 3913 402 3972 veel-ra
416 3909 526 3990 pariler
539 3930 594 3992 ope
607 3911 684 3988 lreli,
702 3912 788 3974 verba
802 3911 902 3974 salutis

244 4029 480 4112 catholicamque
494 4031 578 4096 fidem
594 4053 747 4116 perversos
762 4036 934 4100 edoceamus

243 4151 411 4228 Saronicus,
427 4156 583 4234 gratosque
598 4155 661 4218 Deo
676 4155 832 4220 reddamus
845 4158 974 4222 eosdem.
