3206 5134
370 505 390 568 t
649 517 753 564 casrr
775 517 888 564 aranu
908 517 1119 565 sarrianis.

370 632 474 696 Castra
486 631 587 693 relicta
599 629 663 692 sibi.
706 629 783 690 Petit
796 631 955 691 Assnaeus
968 647 1130 704 nemorosa,

370 751 442 815 Cum
456 751 547 813 muita
559 750 646 812 turba
659 769 745 812 wana
760 749 911 830 utriusque
924 768 1053 812 suumn.

369 873 437 934 Dux
450 871 540 952 igitur
551 869 615 952 regi
629 869 788 934 Grecoruru
801 868 869 931 tatia
882 869 982 930 scribit
998 890 1005 928 :

818 1111 950 1184 Epistula.

409 1345 424 1371 ‘⁸
434 1342 582 1406 Pandrare
595 1361 647 1405 rex
660 1343 803 1418 Danaum,
818 1343 927 1404 Brutus
940 1361 993 1404 rex
1007 1341 1232 1416 Dardanioruru,

368 1463 427 1526 tiee
441 1481 496 1544 ego
510 1464 594 1526 mitte
608 1464 662 1526 tibi
674 1465 817 1546 premissa
830 1465 918 1526 verbu
931 1463 1036 1526 salute.

274 1606 278 1615 ·
368 1583 467 1666 Turpe
480 1603 547 1647 reor
560 1603 660 1665 regem
672 1603 774 1665 regum
787 1585 824 1646 de
838 1583 946 1647 semiue
960 1589 1043 1646 natos

367 1703 562 1784 Supposuisse
573 1703 646 1784 juge
664 1724 671 1763 ε
688 1722 778 1784 quare
791 1702 920 1784 'i'rojaua
930 1702 1082 1784 juventus,

369 1815 463 1886 Quam
477 1816 550 1878 maie
563 1817 704 1893 tractasti,
721 1816 837 1898 penitus
850 1821 903 1878 tua
912 1815 983 1897 jura
996 1815 1139 1888 resinam,

367 1935 465 1998 Saltus
479 1939 508 1996 et
520 1955 669 2000 nemorum
681 1941 761 2000 tenet
774 1935 882 2012 abdita,
898 1955 978 1998 more
992 1935 1129 1998 serarum.

367 2055 470 2118 Herbis
484 2061 514 2118 et
527 2057 625 2120 crudis
638 2056 735 2139 petius
750 2056 812 2119 vult
825 2056 960 2118 carnibus
974 2055 1028 2132 uti,

367 2175 461 2247 Quam
475 2178 549 2238 maie
563 2177 669 2240 divitiis
682 2177 832 2254 honerate,
847 2177 967 2238 subesse
980 2175 1104 2238 tiranno.

366 2296 446 2377 Elige
460 2297 539 2377 quod
551 2298 647 2380 maiis,
662 2297 740 2378 quod
755 2299 792 2361 sit
804 2298 897 2377 magis
911 2297 982 2358 utile
999 2318 1005 2356 :
1024 2298 1068 2359 vel
1083 2303 1115 2358 tu

366 2417 519 2480 Permittas
531 2418 643 2499 Frigius
657 2437 758 2482 nemus
772 2424 802 2480 et
815 2419 905 2480 saltus
920 2418 1082 2479 habitantes

366 2536 512 2600 Libertate
525 2538 594 2614 frui,
610 2538 656 2601 vei
670 2557 720 2600 ecs
734 2537 854 2620 patiaris
868 2535 977 2598 abire.”

405 2658 572 2722 Pendrasus
586 2663 631 2720 est
645 2660 682 2720 ob
698 2659 786 2720 verba
799 2659 883 2720 ducis
897 2659 1044 2732 turbatus;
1061 2661 1091 2718 et
1104 2656 1181 2718 ultra

367 2775 462 2848 Quam
475 2796 574 2857 regern
588 2779 699 2854 deceat,
716 2777 802 2838 nimie
813 2797 870 2838 uon
882 2777 1005 2858 imperat
1017 2777 1071 2838 ire.

365 2895 513 2960 Convocat
526 2915 597 2978 ergo
611 2916 679 2960 suos
693 2916 841 2978 proceres,
857 2915 1013 2976 secumque
1027 2898 1113 2959 citato

366 3016 462 3081 Cursu
476 3019 555 3082 ducit
569 3039 630 3096 eos,
646 3034 679 3082 ut
692 3020 785 3083 Troas
798 3019 970 3102 precipitato

365 3138 494 3201 Turbine
508 3144 670 3222 correptos,
686 3141 724 3202 ad
739 3140 831 3202 vinela
843 3140 945 3202 relicta
957 3139 1087 3202 redueat.

404 3259 590 3341 Perpendeus
604 3261 680 3322 acies
693 3261 877 3341 Sparetinum
891 3260 1090 3341 preterituras,

365 3380 426 3442 Sub
440 3379 623 3461 precedentis
635 3385 710 3442 tetra
723 3381 846 3462 caligine
858 3382 962 3458 noctis,

366 3500 478 3580 ignaris
493 3499 606 3577 Grecis,
624 3501 731 3563 Brutus
745 3521 777 3562 se
792 3500 900 3563 claudit
913 3500 942 3562 in
956 3499 1004 3562 illc

365 3619 438 3683 Cum
452 3625 497 3682 ter
510 3619 586 3682 mitte
599 3619 669 3682 uiris
684 3620 722 3682 ad
736 3621 810 3682 bella
822 3619 952 3700 gerenda
965 3620 1086 3700 paratis.

404 3739 525 3803 Postera
537 3741 586 3802 lux
599 3739 717 3816 uderut;
733 3739 793 3802 dux
805 3758 904 3820 regern
918 3743 1133 3821 pretereuntem

365 3861 475 3938 Cernit,
491 3867 521 3924 et
533 3860 643 3924 invadit
656 3861 801 3923 incautum
815 3865 929 3936 cautus,
947 3860 1084 3922 inermem

364 3983 510 4044 Muretus.
553 3983 657 4064 Danay
670 3981 794 4061 tugiunt,
810 3982 960 4060 Troesque
974 3984 1133 4060 sequuntur

364 4103 447 4167 Nune
461 4104 528 4184 hue,
540 4122 615 4166 nunc
629 4103 712 4178 illuc;
725 4107 754 4164 et
768 4121 825 4182 quo
841 4121 910 4165 suus
923 4101 1047 4182 impetus
1061 4101 1124 4164 ilios
1345 4121 1389 4167 rec
