3226 5168
593 557 697 603 LIBER
716 557 894 604 surrluua

230 671 245 696 “
255 673 327 747 Rex,
344 670 395 746 ait,
411 668 542 744 illustris,
558 667 644 750 cujus
658 665 794 749 preconia
808 667 925 728 laudum

230 790 306 854 Solis
320 791 356 852 ab
370 807 476 852 occasu
491 787 560 851 solis
574 787 730 868 vulgantur
743 787 781 849 ad
795 790 901 863 ortum,

229 912 274 976 Ne
289 930 352 972 mea
366 909 505 992 depereat
518 927 590 989 gens
604 911 633 969 et
645 910 698 969 tua
711 910 803 970 marte
817 907 871 970 sub
885 927 953 983 uno,

231 1031 303 1094 Cum
317 1030 380 1092 solo
395 1029 474 1092 solus
487 1028 567 1090 ineas
581 1027 714 1090 Frollene
727 1026 865 1103 duellum,

230 1152 265 1212 Et
278 1149 347 1212 victi
361 1150 453 1211 uictor
466 1149 571 1210 habeat
584 1147 646 1210 sine
661 1146 779 1210 eismete
793 1165 924 1228 regnum.
937 1147 952 1172 ”

230 1273 263 1334 ld
277 1273 383 1353 placet,
399 1270 428 1332 id
443 1267 524 1332 firmo
538 1267 669 1332 firmetur
682 1269 791 1332 ledere.
835 1269 957 1332 Sumuut

231 1395 330 1470 muna,
345 1392 488 1454 vehuntur
503 1391 595 1471 equis.
640 1391 780 1464 Quisnam
795 1391 833 1454 sit
846 1392 941 1474 major
954 1411 1053 1455 eorum

230 1515 288 1576 Aut
300 1512 394 1575 minor
406 1512 571 1592 ambigitur,
588 1517 638 1574 eut
651 1512 716 1592 quis
729 1512 767 1575 sit
780 1511 890 1575 viribus
904 1513 1008 1594 impar.

231 1634 307 1696 Haut
319 1632 421 1714 procul
435 1649 453 1693 a
465 1650 559 1708 muro,
576 1633 686 1694 Secede
701 1631 870 1694 circundata
883 1632 984 1710 ductu,

231 1753 327 1816 lusula
340 1769 441 1814 aureae
450 1749 541 1832 jacet.
585 1751 668 1829 Pugil
682 1751 749 1814 illuc
762 1751 856 1814 tendit
869 1761 1000 1834 uterque.

230 1874 378 1936 Distentas
392 1872 490 1955 spacio
504 1891 624 1935 mannos
638 1873 797 1936 calcaribus
811 1879 928 1954 urgent,

230 1995 395 2074 Erectisque
408 1993 516 2056 adeunt
530 2013 594 2056 sese
608 1993 746 2056 velociter
759 1994 862 2070 hastis,

231 2117 366 2195 Dantque
379 2133 483 2194 graves
497 2114 582 2176 ictus.
626 2115 713 2195 Regis
727 2113 836 2178 felicior
850 2117 932 2178 hasla

231 2235 326 2297 Deicit
339 2254 356 2297 a
370 2235 441 2298 sella
454 2235 631 2310 Frollonem3
646 2235 752 2311 Frollo,
767 2234 850 2298 leone

230 2356 332 2420 Sevior
346 2355 431 2432 irato,
446 2359 579 2437 pretenta
594 2357 827 2438 cuspideregem

231 2476 345 2559 impetit
357 2481 387 2538 et
400 2476 513 2538 sternit.
556 2476 689 2541 Britones
704 2479 844 2542 cecidisse
859 2481 988 2546 videntes

230 2597 277 2660 Ad
292 2601 397 2659 terram
410 2613 520 2676 regem,
535 2597 670 2661 festinant
684 2600 759 2662 ferre
769 2601 879 2683 jacenti

230 2717 374 2781 Auxilium
389 2717 517 2795 domino,
532 2719 675 2800 promisso
688 2722 786 2784 ledere
799 2729 898 2805 rupto,

231 2839 303 2902 Cum
317 2837 413 2900 subito
427 2844 550 2901 cernunt
563 2845 703 2903 armatum
718 2861 838 2924 surgere
851 2864 963 2926 regem;

229 2961 349 3038 Jamque
363 2959 447 3020 ambo
461 2957 587 3040 pedites,
602 2960 715 3040 gladios
728 2963 895 3046 clipeosque
907 2971 1049 3043 tenentes,

229 3079 400 3142 Dissolvunt
412 3079 514 3160 gladiis
528 3080 635 3162 clipeos
649 3083 821 3166 intempore
836 3105 936 3168 parvo.

231 3201 261 3260 ln
275 3198 354 3281 paris
369 3198 458 3260 exicio
472 3218 526 3280 par
540 3205 584 3262 est
597 3200 724 3266 intentus
738 3209 767 3265 et
781 3205 849 3267 icta.

230 3319 319 3381 'leste
333 3319 458 3400 probant
471 3325 576 3398 quante
590 3323 628 3384 sit
642 3322 684 3384 eis
698 3323 818 3387 victoria
832 3347 911 3390 cure.

230 3439 309 3500 Dant
323 3439 440 3500 crebros
454 3438 546 3515 ictus3
562 3444 623 3502 tolo
638 3445 786 3506 conamine
799 3446 894 3508 Frollo

230 3557 330 3620 allidit
343 3557 421 3637 reg‘s
434 3558 579 3622 terebrata
593 3562 714 3644 cuspide
726 3563 861 3626 frontem.

229 3678 375 3759 Purpurat
389 3697 469 3741 arma
483 3699 579 3742 cruor.
624 3682 690 3754 Quo
703 3683 764 3746 viso
778 3683 882 3766 flagrat
896 3687 924 3748 iu
938 3689 981 3751 ira

228 3797 382 3861 Ulherides
396 3799 493 3876 heros,
510 3805 539 3862 et
553 3801 688 3864 Merlinus
701 3804 808 3886 impete
821 3807 893 3868 miro

228 3917 345 3999 Impetit
358 3924 519 3996 auctorem
536 3922 724 4004 strictumque
737 3929 839 3989 tenens
853 3927 1051 4007 Caliburnum,

228 4039 364 4119 adquirit
377 4040 452 4104 vires
467 4046 585 4106 extenso
600 4063 723 4128 corpore
737 4051 810 4120 toto,

228 4159 414 4242 latentisque
427 4162 483 4228 viri
497 4165 666 4247 galeamque
680 4174 824 4251 caputque
839 4171 968 4253 bipartit.

1196 1533 1257 1580 ³³2⁰
