3206 5134
582 531 683 576 albus
706 529 874 582 colurus,

212 646 320 710 Insula.
363 645 424 706 Nos
437 644 527 707 Rome
542 641 711 706 submittere
724 641 822 704 mullis
837 641 940 703 avare?
952 639 967 664 '’

213 767 261 828 Sic
275 766 326 842 ait,
341 769 370 826 al
383 765 479 827 vultus
493 761 639 845 pretendit
652 761 783 842 principe
798 759 914 840 dignos.

212 887 272 949 Nec
286 905 380 962 mora,
394 883 551 946 Mauricius
566 901 722 965 suppressa
737 881 854 944 silencia
867 901 1014 964 rumpam,

212 1007 344 1089 Explicat
357 1006 412 1067 hec
426 1004 527 1086 paucis
545 1025 551 1064 :
568 1003 584 1028 ‘¹
594 1005 656 1066 Nec
670 1005 752 1066 abest
766 1003 900 1066 facundia
912 1003 1000 1068 fiolis.

215 1127 307 1208 Regia
319 1125 486 1210 progenies,
501 1124 638 1190 Romanis
651 1125 838 1188 Maximianus

213 1249 320 1311 Parcus
333 1247 524 1330 principibus,
539 1251 637 1328 partos
652 1247 834 1329 pervenitad
847 1247 917 1310 istas

213 1370 251 1432 Ut
264 1375 364 1432 nostro
378 1368 442 1449 regi
455 1368 622 1434 mandalum
635 1372 733 1432 narret
746 1387 855 1430 eorum.

214 1491 322 1556 Contra
336 1491 472 1554 Conanus
487 1492 528 1554 sic
543 1490 650 1573 excipit
668 1512 675 1551 :
691 1490 706 1516 ³³
718 1491 799 1552 Hunc
814 1489 895 1552 dcrcis
910 1511 974 1553 esse

214 1613 334 1676 Constat
348 1613 512 1677 Castrensis
525 1613 613 1676 ritum
627 1615 671 1672 tot
683 1612 789 1674 habore
804 1611 956 1692 maniplos,

214 1734 248 1795 Et
262 1754 319 1796 non
332 1733 430 1814 legali.
473 1733 594 1798 Romani
609 1732 710 1796 fraudo
725 1731 860 1813 doloque,

214 1855 287 1918 Cum
300 1859 450 1936 nequeunt
464 1855 560 1930 armis,
578 1854 740 1916 didicerunt
753 1853 867 1916 macore
880 1873 1005 1936 sempor.
1020 1855 1034 1880 '’

214 1977 368 2041 Mauricius
382 1975 502 2059 replicat
518 1997 525 2038 :
543 1975 557 2002 ‘³
568 1975 647 2038 Nulli
661 1975 819 2037 dubitabile
834 1974 933 2038 Gallos

214 2099 372 2180 Suspectos
387 2096 479 2159 Laciis
493 2115 511 2158 a
524 2099 654 2178 temporo
670 2093 786 2158 Cesaris
800 2114 864 2156 esso

214 2219 369 2300 Suspicor;
384 2217 463 2281 undo
476 2217 581 2279 timens
593 2216 696 2278 merito
711 2216 770 2280 dux
784 2221 883 2280 noster
897 2237 994 2280 eorum

214 2340 347 2418 iusidias,
362 2359 460 2402 socom
474 2339 580 2417 socios,
596 2338 625 2401 io
639 2357 712 2420 paca
727 2338 850 2420 quietos,

215 2461 245 2523 ln
259 2460 334 2522 bello
348 2461 449 2537 fortem,
468 2459 559 2522 duxit.
603 2461 664 2522 Nec
677 2459 780 2522 debuit
792 2459 834 2520 ire

214 2581 306 2644 'lauta
319 2582 393 2643 famo
406 2580 451 2644 sir
463 2580 620 2661 inglorius;
638 2581 713 2644 adde
728 2579 807 2661 quod
823 2601 856 2642 ex
872 2600 927 2662 quo

214 2703 344 2766 Navibus
357 2703 467 2784 egressi
480 2708 579 2784 partos
593 2703 763 2766 intravimus
776 2701 858 2778 istas,

215 2823 307 2886 Nullis
321 2823 474 2900 obicimus,
491 2823 577 2886 nullis
591 2822 724 2886 molimur
738 2807 850 2885 obesas.

215 2944 281 3006 Dux
294 2944 384 3024 igitur
397 2947 507 3021 noster,
522 2949 621 3006 vostro
636 2943 672 3006 de
686 2943 827 3023 sauguine
841 2948 936 3019 uatus,

215 3063 353 3126 Pacificas
369 3064 486 3127 veniens
500 3083 613 3146 pacem,
630 3083 687 3126 non
701 3063 793 3146 prelia
806 3064 910 3146 poscit.
926 3064 940 3086 ‘¹

216 3186 337 3248 inductu
349 3205 514 3268 procerum,
531 3185 659 3266 quamvis
675 3185 782 3248 invitus
796 3185 894 3262 eundi,

216 3307 262 3368 Ad
274 3325 373 3387 regem
387 3307 506 3370 daliter
520 3306 614 3369 Laciis
630 3307 776 3384 Coranus,
792 3327 900 3388 eosque

215 3427 304 3489 Ducit
317 3427 492 3490 Londonias.
532 3425 677 3489 -Caradoci
690 3427 877 3506 Mauriciique

217 3546 354 3625 Consilio,
370 3548 507 3628 regisque
520 3565 652 3622 assensu,
667 3546 836 3610 Maximiano

217 3669 286 3730 Filia
298 3669 404 3749 regalis
418 3689 484 3731 cum
497 3687 587 3750 regno
603 3669 726 3732 traditur
740 3689 823 3732 uxor.

217 3787 352 3852 Conanas
365 3791 498 3852 turbatus
513 3791 551 3852 ob
566 3789 595 3852 id
610 3791 728 3852 turbare
742 3790 855 3852 laborat

217 3909 324 3990 Regem
339 3929 403 3972 cum
417 3928 523 3990 regn03
540 3911 617 3972 lerro
632 3910 772 3992 supponit
785 3915 814 3972 ot
828 3911 889 3990 igni

219 4027 347 4110 Oppida,
363 4047 443 4106 rura,
460 4029 573 4107 domos,
590 4049 654 4092 cum
667 4049 719 4092 rox
732 4030 855 4092 incurrit
868 4031 896 4092 in
910 4031 1001 4110 illurn,

218 4149 284 4212 Non
297 4149 441 4212 minimam
455 4156 580 4232 stragem
593 4151 714 4226 faciens,
730 4152 904 4230 pariensque
920 4153 1056 4217 vicissim.
