3272 5188
778 532 964 579 trecenis.

424 651 481 706 lieo
495 656 540 706 tua
554 649 686 720 majestas
700 649 802 713 innuit,
817 648 929 716 pietatis
943 660 1039 702 amore

426 748 542 802 Fervida
552 747 672 816 justicie,
687 760 745 801 non
756 745 944 812 degenerante
957 745 1058 811 rigore,

367 901 371 906 ,
426 845 508 911 Regia
521 843 679 912 progenies,
694 841 785 895 Karoli
799 855 883 910 quern
896 839 1068 908 posteritatis

426 936 517 994 Edidit
528 939 645 1006 insignis
658 938 809 1002 successio,
824 937 876 989 ilos
889 935 1044 1003 probitatis.

425 1035 462 1088 'l'e
476 1033 546 1088 duce
562 1041 643 1100 tango
657 1032 769 1098 chelim,
788 1038 814 1088 te
826 1031 947 1099 presule,
963 1037 1044 1098 teque
1056 1035 1185 1099 patrono.

427 1131 513 1196 Quem
529 1129 598 1194 colo,
616 1143 698 1196 quem
712 1127 805 1192 laudo,
821 1127 860 1180 tui
874 1127 1000 1196 supplico
1013 1130 1126 1195 pectore
1139 1130 1254 1194 paterno
1267 1122 1287 1178 ¹.

428 1415 493 1480 Quis
506 1419 586 1484 pater
597 1419 626 1469 et
638 1415 701 1483 quis
713 1427 793 1478 orus,
807 1411 882 1480 quod
894 1416 954 1467 erut
966 1426 1063 1480 genus,
1078 1411 1153 1466 unde
1166 1411 1298 1474 Britanni,

463 1510 519 1574 Que
533 1511 608 1577 luga,
624 1523 678 1578 que
690 1521 838 1578 procerum
852 1508 908 1561 lete
921 1507 1008 1572 luere,
1023 1520 1132 1561 cenam.

430 1606 469 1659 Tu
483 1605 562 1670 mihi,
578 1605 643 1669 Clio,
658 1606 730 1670 iove,
744 1605 787 1658 ier
799 1617 880 1673 opem
893 1603 1040 1657 modulare
1051 1616 1154 1657 canoro

468 1701 557 1756 Verba
570 1701 634 1766 lira;
652 1705 728 1755 totus
742 1700 830 1769 spirat
842 1699 938 1768 tpouo
950 1698 1047 1753 michi.

428 1798 448 1850 t
465 1796 549 1851 Bruto
564 1795 637 1850 Brito
650 1808 763 1860 nomen,
778 1809 866 1862 genus
878 1809 894 1848 a
906 1807 1040 1860 generosa

467 1893 555 1961 stirpe
569 1892 649 1959 gerit,
665 1891 775 1959 generis
789 1889 931 1944 Dardanus
943 1895 1042 1945 auctor
1051 1895 1123 1972 erat.

430 1988 449 2042 ll
468 1988 538 2043 duce
553 1987 681 2042 Dardanii
693 1993 876 2056 sumpserunt
888 1999 1002 2052 nomen,
1017 1986 1052 2040 ab
1064 1986 1113 2040 lllo

470 2085 557 2150 Ylion,
572 2099 588 2138 a
601 2085 691 2139 lurno
704 2085 782 2153 Troia
795 2090 892 2138 vocato
905 2085 971 2148 iuit;

429 2183 512 2237 Ortus
524 2182 559 2236 nb
571 2181 616 2235 his
628 2182 763 2245 Priamus,
778 2182 858 2250 cujus
872 2187 951 2250 putre
964 2195 1050 2248 regna
1064 2183 1186 2243 tenente,

467 2279 551 2332 Jason
563 2277 623 2331 adit
634 2277 739 2342 colcos,
755 2291 825 2332 naue
838 2283 950 2332 secante
963 2279 1046 2330 viam.

430 2467 558 2536 Applicat
570 2467 604 2521 od
618 2467 744 2536 Frigiom,
759 2481 807 2520 rex
820 2467 926 2530 obstat;
942 2471 971 2520 et
983 2467 1029 2520 ille
1043 2467 1171 2534 repulsus

467 2563 555 2619 Vertit
566 2565 629 2628 iter,
645 2569 724 2632 rapto
736 2563 853 2628 vellere;
869 2563 955 2632 predo
968 2563 1050 2618 redit.

428 2660 601 2715 Succensum
613 2661 702 2714 fastus
715 2673 771 2715 non
786 2660 898 2723 deserit,
913 2661 954 2713 ira
966 2659 1113 2728 repulsans

465 2757 561 2821 Obicit,
578 2758 661 2825 inque
675 2757 749 2810 vices
763 2755 827 2810 hinc
842 2757 932 2820 timet,
947 2757 1012 2810 inde
1026 2757 1114 2820 dolet;

432 2853 500 2906 Nam
515 2852 644 2919 quotiens
656 2852 763 2916 recolit,
778 2853 908 2919 quotiens
921 2865 972 2905 sua
986 2852 1065 2905 turba
1078 2857 1221 2905 retractat.

466 2948 547 3002 Facta
561 2947 671 3014 Frigum
686 2949 806 3014 grauiter
818 2948 881 3013 tert,
898 2949 1073 3015 graviterque
1086 2948 1189 3002 ierunt,

430 3044 564 3098 conuenit
578 3057 642 3111 ergo
655 3057 731 3109 snos,
746 3044 836 3112 placet
850 3044 927 3109 ultio,
942 3044 1030 3098 classe
1042 3049 1138 3111 parate

466 3141 602 3197 Tenditur
615 3141 648 3194 ad
663 3142 790 3209 Frigiam,
806 3142 1014 3209 destruiturque
1026 3141 1105 3209 polis.

433 3238 521 3294 lienin
535 3237 603 3292 dant
615 3236 717 3302 aditus,
732 3239 789 3290 ruit
802 3237 891 3301 lilion,
908 3237 1032 3290 Herculis
1045 3250 1112 3290 ense

467 3336 523 3390 lter
539 3334 624 3399 cadit;
641 3335 669 3388 in
683 3333 768 3403 preda
782 3333 836 3388 illia
849 3334 923 3400 regis
934 3333 1000 3386 abit.

432 3432 494 3486 iarn
508 3432 604 3500 spoliis
617 3435 744 3500 reparata
758 3431 879 3497 Frigurn,
891 3431 949 3498 jam
963 3429 1046 3484 rebus
1059 3434 1168 3494 onusta,

466 3528 583 3596 Jamque
596 3527 669 3581 redit
681 3527 745 3582 ielix
757 3527 792 3580 ad
804 3540 854 3580 sua
867 3526 952 3580 Greoa
964 3539 1076 3580 manus.

430 3623 511 3692 Troja
522 3622 596 3691 iacet
609 3622 726 3692 spoliata
737 3621 828 3687 bonis,
844 3621 951 3688 privata
962 3620 1072 3686 decore,

467 3719 539 3786 nege
551 3733 663 3784 vacans,
679 3723 762 3773 natus
776 3717 969 3772 Laomedontis
981 3717 1069 3772 abest.

431 3815 491 3870 Mox
502 3815 609 3880 oderat,
625 3821 790 3884 reparatque
802 3815 901 3868 domos
915 3819 944 3868 et
955 3815 1047 3868 menia
1060 3815 1148 3882 replet

466 3911 560 3976 Milite,
575 3925 610 3965 ne
623 3912 721 3980 quouis
732 3925 848 3980 pressus
860 3911 894 3964 ab
906 3909 987 3964 hoste
1000 3910 1082 3964 toret.

388 4140 393 4165 ¹
412 4136 481 4191 liuto,
491 4135 641 4181 dunelmensis
649 4135 771 4192 episcopos,
782 4137 853 4180 dictus
863 4137 924 4191 llogo
934 4137 960 4181 de
970 4135 1044 4189 luent,
1054 4141 1075 4180 et
1085 4139 1131 4180 eret
1140 4145 1205 4190 nepos
1216 4135 1273 4190 regis
1282 4133 1392 4190 Steplteul.

359 4208 407 4256 vio.
418 4207 491 4252 lietto-
503 4207 573 4252 Prrls.
585 4207 643 4252 diet.
653 4208 726 4261 Aret..
737 4207 771 4252 ed.
783 4207 849 4253 lond.
860 4209 921 4263 teto,
931 4207 1024 4261 lu-lolio,
1033 4217 1055 4264 p.
1065 4207 1101 4260 ul,
1111 4207 1127 4252 l.
1137 4207 1172 4259 td,
1183 4207 1207 4251 Δ.
1218 4205 1243 4252 u.
1255 4205 1316 4260 ltili,
1325 4209 1369 4250 etc.
