3226 5168
358 505 415 570 130
633 523 740 568 oesrr
760 522 875 568 aranu
898 523 1108 570 aarrrnura.

352 635 414 698 Rex
427 633 521 715 Frigie
535 634 674 711 Teuther,
691 633 786 697 medio
800 653 852 696 rex
865 634 973 712 Bocus,
987 634 1097 698 &mou

350 756 515 832 Persarum,
531 753 666 818 Evander
680 755 778 838 Syrie,
793 775 844 820 rex
857 755 1022 819 Ytireorum

350 877 469 954 Herses,
484 893 698 957 regnorumque
710 876 811 954 duces,
827 877 953 957 equitum
969 877 1097 958 legiones

350 997 401 1060 Bis
415 1017 466 1060 sex
479 997 628 1061 adducunt
641 998 772 1061 Romam.
815 999 941 1062 Romana
956 1004 1084 1081 poteslas

350 1119 439 1182 mma
452 1119 540 1202 capit,
556 1138 610 1182 sua
624 1123 720 1182 castra
732 1123 839 1196 movet,
857 1119 990 1200 civesque
1006 1119 1120 1192 Quirini
1321 1143 1381 1190 asan

348 1241 463 1304 Flentes
477 1240 658 1323 prospiciunt
671 1242 792 1304 Romam
808 1260 864 1302 non
879 1240 1111 1322 prospiciendam

347 1362 489 1444 Amplius,
507 1367 535 1423 et
550 1380 686 1443 sponsam
701 1360 818 1424 flentem
832 1361 903 1423 lleus
917 1360 981 1442 ipse
994 1359 1130 1440 relinquit

348 1483 496 1564 Sponsus;
513 1483 542 1544 iu
557 1482 706 1563 amplexus
721 1501 794 1544 uxor
808 1481 857 1563 pia
870 1481 1004 1564 conjugis
1018 1483 1110 1544 hercl.

345 1603 434 1664 Filius
448 1603 476 1663 in
491 1602 584 1685 patris
598 1601 734 1664 brevibus
749 1603 861 1664 cervice
875 1602 991 1664 laccrlis

345 1725 479 1787 Pendens
494 1725 634 1787 exclamat
651 1745 656 1782 :
675 1723 689 1748 “
702 1725 769 1795 Quo
784 1729 824 1800 te,
840 1730 933 1805 pater,
951 1725 1049 1806 eripis,
1066 1729 1115 1786 aot
1131 1725 1176 1785 cui

346 1845 463 1908 Deseris
478 1847 614 1907 uxorem?
629 1845 676 1906 cui
690 1864 736 1906 me
750 1846 911 1924 fratresque
926 1844 1080 1924 relinquis?

345 1967 514 2030 Deserimur
527 1969 632 2030 iratres
647 1985 704 2028 uno
719 1966 850 2046 genitore
864 1967 978 2048 pupilli.
992 1966 1007 1988 '’

384 2091 457 2150 Ecce
470 2089 631 2170 puellarum
647 2073 839 2168 piilclrerrima
854 2087 966 2148 creditu
981 2087 1074 2166 virgo,

342 2211 435 2272 Tecta
447 2215 542 2272 tamen
560 2213 636 2272 tecto
652 2208 765 2290 pulchri
780 2207 893 2290 tyronis
909 2226 1021 2286 amore,

342 2329 498 2410 Egreditur
511 2329 634 2405 talamis,
652 2332 681 2388 et
694 2347 778 2408 quem
794 2329 937 2390 celaverat
950 2327 1043 2408 ignom

342 2450 460 2532 Detegit
473 2451 573 2513 insano
588 2450 710 2512 Veneris
725 2449 871 2512 stimulate
885 2451 997 2524 lurore;

341 2573 472 2653 Namque
488 2573 565 2635 velut
579 2573 682 2648 bache,
698 2570 819 2634 stimulis
833 2571 961 2634 exercita
975 2571 1074 2646 Baclri,

342 2695 373 2754 ln
389 2693 479 2756 lurias
492 2694 615 2775 rapitur,
633 2693 743 2774 sparsis
758 2693 787 2754 in
803 2698 886 2773 terge
900 2693 1022 2774 capillis,

341 2815 437 2877 Sicca
450 2815 552 2877 mentis
567 2815 661 2895 inops,
678 2814 757 2876 vultu
771 2813 913 2894 prodente
926 2815 1065 2890 furorem,

340 2934 379 2995 Se
389 2933 465 3016 jacit
478 2935 506 2998 iu
520 2935 633 3009 turbas,
646 2933 659 3014 j
664 2932 765 2995 avenis
778 2939 904 2996 retentat
916 2935 1044 2996 habenas

339 3055 375 3116 Et
389 3056 515 3117 clamans
533 3076 538 3113 :
556 3055 570 3080 ‘³
582 3055 664 3116 lleus
678 3059 734 3130 cst,
749 3073 830 3116 meus
845 3061 905 3131 est;
922 3075 980 3135 quo
994 3063 1022 3117 te
1036 3056 1134 3138 rapis?
1149 3056 1256 3136 inquil;

341 3174 421 3246 Quid
435 3173 487 3236 tibi
502 3193 568 3236 oum
582 3173 663 3236 bellis
677 3173 770 3236 solitis
784 3174 920 3237 inducere
934 3181 1073 3238 mortem?

339 3295 419 3366 Quid
434 3313 499 3356 cum
514 3293 706 3357 Normannis?
749 3293 829 3365 Quid
844 3315 908 3358 cum
921 3295 1035 3358 feritate
1049 3295 1208 3358 Britanna?
1303 3384 1304 3388 Ἰ

271 3473 272 3476 ,
340 3415 419 3488 Quid
432 3415 483 3477 tibi
497 3434 563 3478 cum
578 3413 684 3492 Sectis,
700 3433 764 3478 cum
779 3415 867 3478 Pictis
883 3420 913 3478 et
925 3416 1103 3478 Venedolis‘!

338 3541 476 3600 arturum
490 3537 586 3612 timeo,
602 3535 652 3616 qui
666 3555 731 3599 cum
745 3538 877 3600 Frollone
893 3537 1018 3600 duellum

337 3657 496 3734 Commisit,
512 3657 655 3736 mortique
669 3655 751 3720 dedit
764 3678 815 3720 rex
828 3659 892 3739 ipse
907 3658 1086 3740 triumphans

336 3780 421 3856 Loth,
438 3778 546 3856 Cador,
563 3779 739 3858 Auguselus,
753 3777 854 3854 Koios,
873 3778 1031 3858 Galganus,
1049 3781 1164 3842 lloelus.

336 3902 395 3962 llec
409 3899 506 3962 audita
520 3919 591 3961 sono
607 3900 669 3960 solo
684 3919 729 3960 me
744 3899 859 3960 nomina
873 3905 993 3961 torrent.

335 4023 420 4084 Nulla
435 4023 538 4084 (lomus
552 4022 692 4103 plangore
707 4028 797 4098 carot,
814 4023 858 4083 viu
873 4023 951 4084 nulla
965 4023 1105 4100 qrrerclis3

334 4144 459 4206 Femina-i
474 4143 605 4224 plmrctus
621 4149 649 4202 et
665 4161 748 4204 voces
763 4161 830 4203 aera
846 4143 973 4222 pulsant,
