3206 5134
353 521 394 586 80
633 531 740 578 onsrr
760 530 876 576 naoou
897 527 1109 575 narrrnnra.

353 651 447 726 Dieit3
465 656 494 712 et
510 647 665 728 ilengistus
679 649 811 708 versutus
825 643 868 704 sie
882 641 923 704 ait
938 640 980 702 ilii
997 663 1003 700 :

351 769 368 796 ‘¹
379 771 427 832 De
440 770 542 832 saltem
556 769 694 847 quantum
707 769 785 826 terre
799 761 969 844 pertingere
984 761 1092 842 possim

352 893 418 955 Una
431 889 568 971 corrigia.
582 889 597 914 ''
639 887 788 959 Quantum
803 884 876 966 petit
889 884 1024 966 impetrat
1037 882 1094 959 ille,

353 1014 445 1076 Unum
459 1009 613 1092 corrigiam
626 1009 663 1070 de
677 1012 738 1068 toto
754 1010 871 1086 tergore
885 1005 960 1067 tauri

354 1135 477 1212 Seiudit,
493 1133 584 1214 cingit
597 1152 633 1195 ea
646 1130 750 1194 montis
763 1130 884 1192 sublime
898 1147 1049 1204 oecumon;

354 1257 471 1320 Turrim
485 1256 585 1319 condit
598 1255 650 1332 ibi,
667 1253 713 1317 cui
726 1253 807 1316 nullo
822 1251 937 1315 turbine
950 1251 1018 1313 belli

354 1378 453 1442 Hostis
468 1379 572 1441 obesse
585 1379 694 1458 potest,
711 1373 877 1437 defenditur
891 1377 953 1434 arte
968 1372 1092 1451 situque.

354 1501 472 1566 Montis
486 1499 618 1579 compte
633 1503 770 1560 castrum
784 1515 861 1558 nuno
875 1513 967 1574 usque
981 1497 1112 1556 uocetur.
1328 1512 1388 1558 aaut

395 1620 469 1683 Ecce
483 1619 551 1682 viris
565 1619 661 1700 plene,
678 1621 763 1680 vento
778 1615 919 1697 rapiente,
935 1614 1034 1677 carine

357 1741 527 1804 Oetodeoim
544 1740 673 1816 veniunt,
690 1757 762 1818 quas
771 1737 833 1818 jem
849 1735 1004 1799 Germania
1017 1734 1091 1796 flava

355 1861 473 1924 Miserat
486 1861 622 1942 Engist03
639 1859 724 1941 enjus
738 1878 853 1940 quoque
866 1855 925 1920 filie
937 1858 1048 1920 Rowen

356 1983 447 2063 Virgo
462 1982 550 2060 venit,
567 1981 640 2044 facie
654 1981 736 2062 regni
750 1981 863 2063 prelata
875 1979 982 2062 puelle.

356 2104 423 2164 Dux
438 2103 526 2183 igitur
538 2103 625 2180 letus,
641 2106 710 2164 nate
723 2101 867 2181 sociisque
880 2099 1017 2180 receptis,

356 2215 462 2276 Invitat
474 2233 584 2296 regem,
600 2219 696 2277 natam
710 2213 863 2294 sociosque
877 2231 1041 2292 novumque

360 2337 493 2400 Castrum
507 2337 647 2414 visurum,
664 2337 781 2400 veniens
796 2355 861 2398 oum
875 2335 964 2398 milite
978 2354 1083 2416 pauco.

360 2459 465 2522 Omnia
478 2457 540 2522 vise
552 2459 669 2540 probat,
684 2457 805 2520 miratur
818 2475 950 2538 opusque
965 2455 1126 2534 locumque,

361 2581 578 2664 Applauditque
592 2579 672 2657 viris,
688 2585 718 2642 et
732 2579 774 2642 eis
788 2578 910 2642 donaria
923 2579 1023 2640 donat.

361 2702 491 2782 Cumque
506 2701 576 2764 cibis
590 2705 668 2764 esset
681 2705 711 2762 et
724 2700 813 2762 Baebi
826 2719 944 2762 manere
956 2699 1083 2774 functus,
1330 2719 1392 2765 esau

360 2825 406 2886 De
420 2825 544 2886 thalamo
558 2823 657 2904 prodit
668 2822 780 2903 Engisti
792 2821 862 2898 tilia,
877 2821 943 2884 rino

361 2945 481 3026 Impleta
494 2948 607 3006 cratere
619 2949 732 3020 tenens,
749 2943 930 3024 genibusque
944 2941 1058 3004 reflexis

363 3063 458 3143 lnquit
474 3085 480 3123 :
497 3063 512 3089 ‘³
523 3065 645 3128 Luoerd
658 3063 734 3144 lctup
749 3063 872 3127 enotuit.
886 3061 901 3087 ”
941 3062 1003 3124 Rex
1017 3061 1107 3142 igitur
1120 3062 1215 3142 puelle

363 3183 526 3266 Conspecta
539 3183 612 3246 facie
626 3187 735 3265 stupet,
752 3189 782 3245 et
795 3185 870 3246 celet
883 3183 948 3264 ejus
963 3202 1071 3258 amore,

362 3307 398 3368 Et
412 3305 508 3386 querit
522 3304 594 3386 quid
606 3305 637 3367 id
651 3311 696 3368 est
709 3311 739 3367 et
753 3305 824 3385 quid
836 3304 1021 3386 responderit
1035 3305 1087 3366 ilii.

363 3429 509 3508 interpres
524 3427 595 3489 dicit
612 3447 619 3487 :
634 3426 817 3508 “Responde
833 3448 840 3487 :
856 3427 1031 3491 Drt'ucbur'l.
1046 3427 1060 3452 ”
1101 3428 1150 3488 tlte

363 3548 379 3574 ‘³
390 3549 574 3629 Drieutuyt,
588 3549 603 3574 '’
617 3548 711 3628 inquit
724 3548 761 3613 ei.
803 3549 900 3611 Primo
915 3554 1017 3631 potare
1030 3549 1154 3631 puellam

364 3669 501 3752 Preeipit.
544 3671 595 3732 llla
607 3670 679 3732 bibit
692 3669 799 3751 primo,
815 3669 888 3732 bibit
900 3671 947 3732 iile
961 3672 1100 3733 secundo.

364 3791 468 3872 Anglie
482 3791 587 3855 deinde
600 3793 686 3854 bibax
699 3792 777 3855 huno
790 3792 877 3854 ritum
891 3797 997 3870 servet,
1014 3799 1046 3855 ut
1060 3793 1099 3854 illi

366 3913 424 3986 Qui
437 3918 524 3996 potus
539 3919 641 3996 potant
653 3914 770 3995 equales
784 3914 826 3976 sic
840 3914 895 3976 sibi
909 3914 1017 3977 dicant.

364 4035 426 4098 Rex
440 4053 510 4114 ergo
524 4036 585 4098 vise
599 4041 751 4118 correptus
765 4054 863 4098 amore
877 4037 983 4117 puelle,

365 4157 497 4218 Postulat
511 4157 584 4220 bano
596 4163 724 4240 patrem;
740 4158 848 4235 fratris,
864 4157 955 4239 patris
969 4163 999 4220 et
1012 4159 1175 4240 sapientum
