3272 5188
672 621 815 666 abbans.

333 735 422 800 Quove
435 737 492 805 peti
505 743 648 800 moneant,
664 749 753 804 quere
767 734 886 804 petenda
898 734 1025 802 probent.

299 833 362 885 lars
375 837 514 887 monetat
526 837 635 902 partem
649 833 727 899 regui
739 837 826 901 petat,
841 831 928 884 altera
940 829 1042 884 elamat

333 924 368 980 Ut
381 928 499 994 perimet
511 941 616 994 regem,
632 928 717 982 tercia
729 926 828 980 suadet
839 927 902 980 iter.

298 1023 368 1075 llnrn
384 1023 479 1076 tremit
492 1023 615 1078 incertus
627 1023 756 1093 populus,
772 1021 923 1090 ilenpieiuo
935 1017 1030 1086 inquio
1046 1033 1051 1070 :

333 1115 348 1140 “
366 1117 442 1172 Absit
456 1120 550 1187 iniqua
562 1125 648 1188 petat,
664 1121 709 1174 vel
724 1119 816 1174 scelus
828 1117 903 1172 istud
916 1121 991 1182 agot.
1084 1157 1085 1160 ,

300 1213 346 1266 lile
360 1213 483 1268 babitare
497 1216 612 1280 malum,
627 1217 691 1284 quia
703 1216 784 1270 uictis
796 1227 873 1266 arma
887 1213 1047 1280 supersunt.

331 1307 436 1364 obiciet
450 1312 524 1364 natis
537 1325 606 1377 gens
618 1311 761 1365 malesana
774 1321 886 1377 parens.

300 1403 384 1457 letus
398 1404 426 1458 in
440 1420 555 1461 uxorem
570 1406 624 1460 (loe
636 1407 771 1473 Innogen,
785 1411 815 1458 et
825 1407 889 1472 pete
901 1414 997 1455 naues.

333 1499 372 1554 Sit
387 1505 432 1555 tna
447 1517 516 1568 gene
531 1507 624 1558 tecum
637 1503 734 1568 libera,
747 1501 885 1556 liberabi.
903 1497 918 1522 ''

299 1595 398 1648 llector
410 1595 499 1661 adest,
514 1598 628 1666 exponit
640 1599 664 1652 ei
678 1612 762 1666 quarn
776 1595 836 1651 dira
849 1593 967 1662 flagella,

334 1688 418 1752 Quam
433 1705 516 1756 grave
530 1693 612 1747 sudet
624 1707 697 1746 onus
709 1693 733 1746 si
746 1705 796 1746 sua
809 1695 874 1745 uota
886 1693 974 1756 gerat.

300 1783 384 1838 ,laedit
396 1790 424 1838 et
437 1787 559 1851 exaudit,
575 1787 700 1855 Frigibus
713 1801 765 1842 sua
777 1787 833 1840 iata
845 1782 993 1844 secundat,

335 1879 456 1946 innogen
472 1896 538 1950 ergo
550 1883 613 1936 duci
626 1884 702 1951 regia
714 1887 780 1937 nata
793 1881 886 1936 datur.

299 1973 405 2040 Colligit
419 1989 485 2044 ergo
500 1983 587 2038 rates;
602 1978 756 2040 frumento,
770 1976 903 2038 uestibus,
919 1987 997 2034 auro,

334 2069 426 2124 brutis
440 2077 468 2126 et
481 2073 562 2127 llaehi
579 2087 696 2128 munere
709 2073 798 2140 replet
810 2085 867 2126 eae.

300 2169 365 2220 tlunr
381 2173 423 2220 ter
437 2170 564 2224 centenis
574 2171 681 2238 Troiani
695 2169 813 2224 navibus
825 2181 920 2236 equor,

336 2263 459 2332 Cinnaque
471 2264 514 2318 bis
525 2265 655 2328 undenis,
670 2279 790 2332 cumque
802 2264 912 2318 duabus
924 2267 1014 2316 arant.

301 2357 365 2420 Quis
379 2364 470 2413 statne
482 2375 548 2428 ergo
561 2362 620 2424 tibi,
635 2377 689 2430 que
701 2361 825 2424 lacrima,
840 2359 903 2426 quis
916 2357 965 2412 tibi
977 2356 1115 2426 planetae,
1140 2371 1146 2386 ·

335 2455 469 2522 lanogen,
484 2463 515 2512 ut
530 2459 648 2526 patriam
662 2457 769 2514 deseris
781 2463 867 2525 utque
880 2457 1006 2524 patreml

302 2549 351 2604 llio
366 2550 413 2604 tibi
426 2552 577 2616 blanditur,
593 2554 726 2621 genitoris
738 2567 839 2621 ymago
853 2553 1003 2621 repugnem

337 2643 385 2698 llio
399 2647 527 2713 reprimit
539 2648 678 2712 lacrimas,
693 2652 777 2715 auget
788 2651 817 2700 at
828 2647 874 2700 illa
887 2653 957 2700 tuas.

302 2739 426 2796 Dardana
439 2743 536 2798 classis
548 2744 614 2806 abit.
629 2743 803 2811 geminisque
814 2740 913 2798 diebus
926 2745 955 2794 et
966 2751 1022 2794 una

335 2835 419 2890 Nocte
433 2845 509 2892 secat
522 2837 612 2892 valido
625 2841 711 2893 tercia
724 2853 809 2906 regna
822 2839 919 2893 notlro.

302 2931 375 2984 litus
389 2933 501 2988 habent.
540 2935 616 2990 lacet
629 2937 657 2988 in
670 2936 767 3003 pelago
781 2935 927 3000 Laogeeia;
944 2932 1033 2986 iertur

336 3027 428 3080 Insula
441 3029 522 3096 plena
535 3030 610 3092 ieris,
626 3044 681 3084 non
695 3030 798 3084 abitata
809 3029 887 3082 virio.

302 3122 614 3180 lli-bsibieivecorens.
655 3127 742 3180 Pirate
755 3124 999 3193 meniaquontlanr
1082 3153 1084 3158 .

336 3219 481 3272 lliruerant
495 3221 581 3272 urbis.
620 3221 700 3286 Signa
713 3224 825 3274 uetusta
835 3223 942 3288 patent.

300 3317 380 3368 sacra
392 3315 493 3369 domne
503 3317 592 3371 Trivio
605 3317 653 3370 dat
665 3317 715 3370 l'lii
728 3330 863 3384 responsa
875 3314 995 3384 potenti;
1102 3321 1108 3336 “

335 3409 428 3464 stultat
442 3427 541 3478 ynrugo
554 3413 604 3466 dee
616 3411 735 3476 sordida,
751 3411 833 3466 thure
845 3423 955 3466 carens.

303 3505 360 3557 llux
373 3503 457 3570 igitur
469 3506 546 3560 subit
558 3511 638 3560 antra
651 3505 702 3560 dee
714 3521 779 3558 oum
792 3511 856 3560 uate
869 3505 984 3565 Gerono,

338 3599 381 3652 llis
394 3601 453 3654 solii
466 3615 595 3670 proceres
609 3615 673 3654 eurn
686 3601 756 3656 duee
769 3601 872 3668 templa
885 3603 994 3668 petunt.

302 3695 415 3746 l’onllnr
427 3708 474 3748 ara
488 3695 597 3764 triplex,
614 3695 713 3763 triplex
727 3695 816 3758 loeus,
831 3708 886 3747 una
901 3693 1019 3746 tonanti.

302 3886 370 3939 burn
385 3901 434 3940 sno
448 3901 530 3941 nucea
542 3887 613 3950 Joxl,
627 3888 704 3940 oanis
716 3885 828 3950 Herrne,
844 3899 925 3940 terra
939 3885 1022 3938 illatio

336 3981 450 4046 Occidit,
464 3982 509 4037 bio
522 3983 613 4036 allitus
627 3984 713 4036 intrat
726 3987 755 4035 et
765 3985 826 4035 orat
840 3981 877 4035 ita
891 3999 897 4034 :

301 4075 315 4100 ‘²
333 4077 424 4144 l'irgo,
440 4077 509 4140 iare,
526 4091 580 4144 que
592 4077 658 4131 luna
673 4076 736 4144 poli,
752 4076 847 4142 regina
859 4076 972 4138 baratri,

335 4175 445 4239 tlntrquu
458 4175 557 4240 potens
570 4184 718 4225 norrrornnr
732 4171 844 4224 nentina
858 4170 930 4224 trina
944 4170 1026 4236 gene.

301 4273 335 4320 tls
348 4267 423 4336 apori
436 4281 585 4334 insanaque
598 4268 679 4332 nrilri;
695 4283 748 4335 qne
763 4268 863 4330 rnerna,
880 4264 932 4321 sub
945 4281 1000 4334 qun

1056 4377 1083 4422 rx
