<?xml version="1.0" encoding="UTF-8"?>
<!DOCTYPE html PUBLIC "-//W3C//DTD XHTML 1.0 Transitional//EN"
    "http://www.w3.org/TR/xhtml1/DTD/xhtml1-transitional.dtd">
<html xmlns="http://www.w3.org/1999/xhtml" xml:lang="en" lang="en">
 <head>
  <title>
</title>
<meta http-equiv="Content-Type" content="text/html;charset=utf-8" />
  <meta name='ocr-system' content='tesseract 3.04.00' />
  <meta name='ocr-capabilities' content='ocr_page ocr_carea ocr_par ocr_line ocrx_word'/>
</head>
<body>
  <div class='ocr_page' id='page_1' title='image "./gestaregumbrita00assogoog_0243.png"; bbox 0 0 3272 5188; ppageno 0'>
   <div class='ocr_carea' id='block_1_1' title="bbox 780 551 968 597">
    <p class='ocr_par' dir='ltr' id='par_1_1' title="bbox 780 551 968 597">
     <span class='ocr_line' id='line_1_1' title="bbox 780 551 968 597; baseline -0.005 -2"><span class='ocrx_word' id='word_1_1' title='bbox 780 551 968 597; x_wconf 74' lang='grc' dir='ltr'><strong>ᾸΡΡΕΝΜΧ.</strong></span> 
     </span>
    </p>
   </div>
   <div class='ocr_carea' id='block_1_2' title="bbox 427 663 1210 1022">
    <p class='ocr_par' dir='ltr' id='par_1_2' title="bbox 427 663 1210 830">
     <span class='ocr_line' id='line_1_2' title="bbox 427 663 1210 734; baseline 0 -14"><span class='ocrx_word' id='word_1_2' title='bbox 427 663 532 729; x_wconf 88' lang='lat' dir='ltr'><strong>Pirrus,</strong></span> <span class='ocrx_word' id='word_1_3' title='bbox 547 664 637 732; x_wconf 74' lang='lat' dir='ltr'><strong>imago</strong></span> <span class='ocrx_word' id='word_1_4' title='bbox 649 664 746 734; x_wconf 86' lang='lat' dir='ltr'><strong>patris,</strong></span> <span class='ocrx_word' id='word_1_5' title='bbox 760 665 875 719; x_wconf 77' lang='lat' dir='ltr'><strong>fremitu</strong></span> <span class='ocrx_word' id='word_1_6' title='bbox 887 665 940 730; x_wconf 92' lang='lat' dir='ltr'><strong>ieo,</strong></span> <span class='ocrx_word' id='word_1_7' title='bbox 958 665 1036 734; x_wconf 83' lang='lat' dir='ltr'><strong>tigris</strong></span> <span class='ocrx_word' id='word_1_8' title='bbox 1048 665 1077 720; x_wconf 90' lang='lat' dir='ltr'><strong>in</strong></span> <span class='ocrx_word' id='word_1_9' title='bbox 1089 665 1210 730; x_wconf 82' lang='lat' dir='ltr'><strong>hostem,</strong></span> 
     </span>
     <span class='ocr_line' id='line_1_3' title="bbox 464 761 1095 830; baseline 0.005 -14"><span class='ocrx_word' id='word_1_10' title='bbox 464 761 570 830; x_wconf 87' lang='lat' dir='ltr'><strong>Ocupat</strong></span> <span class='ocrx_word' id='word_1_11' title='bbox 580 763 721 827; x_wconf 65' lang='lat' dir='ltr'><strong>incautum</strong></span> <span class='ocrx_word' id='word_1_12' title='bbox 736 777 784 818; x_wconf 84' lang='lat' dir='ltr'><strong>rex</strong></span> <span class='ocrx_word' id='word_1_13' title='bbox 797 763 879 827; x_wconf 88' lang='lat' dir='ltr'><strong>eadit,</strong></span> <span class='ocrx_word' id='word_1_14' title='bbox 895 763 1016 830; x_wconf 86' lang='lat' dir='ltr'><strong>urbsque</strong></span> <span class='ocrx_word' id='word_1_15' title='bbox 1029 763 1095 819; x_wconf 92' lang='lat' dir='ltr'><strong>ruit.</strong></span> 
     </span>
    </p>

    <p class='ocr_par' dir='ltr' id='par_1_3' title="bbox 429 855 1141 1022">
     <span class='ocr_line' id='line_1_4' title="bbox 429 855 1012 926; baseline -0.003 -14"><span class='ocrx_word' id='word_1_16' title='bbox 429 855 449 912; x_wconf 93' lang='lat'>0</span> <span class='ocrx_word' id='word_1_17' title='bbox 462 857 550 912; x_wconf 78' lang='lat' dir='ltr'><strong>iaeilis</strong></span> <span class='ocrx_word' id='word_1_18' title='bbox 563 855 651 912; x_wconf 83' lang='lat' dir='ltr'><strong>Ledea</strong></span> <span class='ocrx_word' id='word_1_19' title='bbox 664 857 734 926; x_wconf 88' lang='lat' dir='ltr'><strong>rapi,</strong></span> <span class='ocrx_word' id='word_1_20' title='bbox 747 857 891 926; x_wconf 84' lang='lat' dir='ltr'><strong>facilisque</strong></span> <span class='ocrx_word' id='word_1_21' title='bbox 903 857 1012 913; x_wconf 77' lang='lat' dir='ltr'><strong>reduci!</strong></span> 
     </span>
     <span class='ocr_line' id='line_1_5' title="bbox 463 951 1141 1022; baseline 0.003 -15"><span class='ocrx_word' id='word_1_22' title='bbox 463 951 528 1008; x_wconf 85' lang='lat' dir='ltr'><strong>Post</strong></span> <span class='ocrx_word' id='word_1_23' title='bbox 540 953 632 1008; x_wconf 80' lang='lat' dir='ltr'><strong>scelos</strong></span> <span class='ocrx_word' id='word_1_24' title='bbox 644 956 673 1008; x_wconf 96' lang='lat' dir='ltr'><strong>et</strong></span> <span class='ocrx_word' id='word_1_25' title='bbox 685 953 798 1008; x_wconf 81' lang='lat' dir='ltr'><strong>sceleris</strong></span> <span class='ocrx_word' id='word_1_26' title='bbox 811 954 912 1022; x_wconf 87' lang='lat' dir='ltr'><strong>probra</strong></span> <span class='ocrx_word' id='word_1_27' title='bbox 924 953 1044 1021; x_wconf 86' lang='lat' dir='ltr'><strong>superba</strong></span> <span class='ocrx_word' id='word_1_28' title='bbox 1056 953 1141 1010; x_wconf 90' lang='lat' dir='ltr'><strong>redis.</strong></span> 
     </span>
    </p>
   </div>
   <div class='ocr_carea' id='block_1_3' title="bbox 427 1139 1215 3423">
    <p class='ocr_par' dir='ltr' id='par_1_4' title="bbox 427 1139 1215 3423">
     <span class='ocr_line' id='line_1_6' title="bbox 429 1139 998 1210; baseline -0.002 -15"><span class='ocrx_word' id='word_1_29' title='bbox 429 1139 527 1196; x_wconf 80' lang='lat' dir='ltr'><strong>Exulat</strong></span> <span class='ocrx_word' id='word_1_30' title='bbox 539 1141 627 1196; x_wconf 83' lang='lat' dir='ltr'><strong>Eneas</strong></span> <span class='ocrx_word' id='word_1_31' title='bbox 639 1145 667 1196; x_wconf 87' lang='lat' dir='ltr'><strong>et</strong></span> <span class='ocrx_word' id='word_1_32' title='bbox 679 1140 792 1209; x_wconf 78' lang='lat' dir='ltr'><strong>navigat</strong></span> <span class='ocrx_word' id='word_1_33' title='bbox 802 1141 882 1196; x_wconf 85' lang='lat' dir='ltr'>exule</span> <span class='ocrx_word' id='word_1_34' title='bbox 894 1141 985 1210; x_wconf 89' lang='lat' dir='ltr'><strong>major</strong></span> <span class='ocrx_word' id='word_1_35' title='bbox 991 1157 998 1205; x_wconf 89' lang='lat'>;</span> 
     </span>
     <span class='ocr_line' id='line_1_7' title="bbox 466 1237 1083 1306; baseline 0.006 -16"><span class='ocrx_word' id='word_1_36' title='bbox 466 1237 591 1304; x_wconf 80' lang='lat' dir='ltr'><strong>Namque</strong></span> <span class='ocrx_word' id='word_1_37' title='bbox 602 1237 646 1292; x_wconf 87' lang='lat' dir='ltr'><strong>bis</strong></span> <span class='ocrx_word' id='word_1_38' title='bbox 659 1237 778 1291; x_wconf 82' lang='lat' dir='ltr'><strong>undenis</strong></span> <span class='ocrx_word' id='word_1_39' title='bbox 790 1237 908 1292; x_wconf 87' lang='lat' dir='ltr'><strong>navibus</strong></span> <span class='ocrx_word' id='word_1_40' title='bbox 921 1252 1009 1306; x_wconf 83' lang='lat' dir='ltr'><strong>equor</strong></span> <span class='ocrx_word' id='word_1_41' title='bbox 1021 1245 1083 1294; x_wconf 88' lang='lat' dir='ltr'><strong>arat</strong></span> 
     </span>
     <span class='ocr_line' id='line_1_8' title="bbox 427 1331 1034 1403; baseline 0.005 -17"><span class='ocrx_word' id='word_1_42' title='bbox 427 1331 484 1388; x_wconf 84' lang='lat' dir='ltr'><strong>Iter</strong></span> <span class='ocrx_word' id='word_1_43' title='bbox 495 1333 524 1388; x_wconf 88' lang='lat' dir='ltr'><strong>in</strong></span> <span class='ocrx_word' id='word_1_44' title='bbox 538 1333 665 1388; x_wconf 87' lang='lat' dir='ltr'><strong>Ytaiiam.</strong></span> <span class='ocrx_word' id='word_1_45' title='bbox 704 1334 808 1388; x_wconf 84' lang='lat' dir='ltr'><strong>Petitur</strong></span> <span class='ocrx_word' id='word_1_46' title='bbox 820 1333 938 1398; x_wconf 81' lang='lat' dir='ltr'><strong>lavinia,</strong></span> <span class='ocrx_word' id='word_1_47' title='bbox 954 1335 1034 1403; x_wconf 76' lang='lat' dir='ltr'><strong>ouius</strong></span> 
     </span>
     <span class='ocr_line' id='line_1_9' title="bbox 465 1429 1029 1498; baseline 0 -14"><span class='ocrx_word' id='word_1_48' title='bbox 465 1429 522 1484; x_wconf 85' lang='lat' dir='ltr'><strong>Rex</strong></span> <span class='ocrx_word' id='word_1_49' title='bbox 536 1430 645 1497; x_wconf 80' lang='lat' dir='ltr'><strong>genitor</strong></span> <span class='ocrx_word' id='word_1_50' title='bbox 657 1429 742 1498; x_wconf 90' lang='lat' dir='ltr'><strong>prolis</strong></span> <span class='ocrx_word' id='word_1_51' title='bbox 754 1443 803 1498; x_wconf 90' lang='lat' dir='ltr'><strong>spe</strong></span> <span class='ocrx_word' id='word_1_52' title='bbox 815 1429 930 1484; x_wconf 82' lang='lat' dir='ltr'><strong>meliore</strong></span> <span class='ocrx_word' id='word_1_53' title='bbox 943 1435 1029 1485; x_wconf 84' lang='lat' dir='ltr'><strong>earet.</strong></span> 
     </span>
     <span class='ocr_line' id='line_1_10' title="bbox 431 1527 1156 1596; baseline 0.003 -16"><span class='ocrx_word' id='word_1_54' title='bbox 431 1527 541 1580; x_wconf 87' lang='lat' dir='ltr'><strong>Turnus</strong></span> <span class='ocrx_word' id='word_1_55' title='bbox 554 1527 581 1580; x_wconf 87' lang='lat' dir='ltr'><strong>in</strong></span> <span class='ocrx_word' id='word_1_56' title='bbox 595 1540 710 1580; x_wconf 84' lang='lat' dir='ltr'><strong>uxorem</strong></span> <span class='ocrx_word' id='word_1_57' title='bbox 724 1527 801 1596; x_wconf 86' lang='lat' dir='ltr'><strong>cupit</strong></span> <span class='ocrx_word' id='word_1_58' title='bbox 812 1527 895 1593; x_wconf 83' lang='lat' dir='ltr'><strong>hano,</strong></span> <span class='ocrx_word' id='word_1_59' title='bbox 909 1527 1020 1582; x_wconf 88' lang='lat' dir='ltr'><strong>Lavinia</strong></span> <span class='ocrx_word' id='word_1_60' title='bbox 1031 1527 1156 1582; x_wconf 80' lang='lat' dir='ltr'><strong>Turnum</strong></span> 
     </span>
     <span class='ocr_line' id='line_1_11' title="bbox 463 1623 1172 1692; baseline 0.006 -16"><span class='ocrx_word' id='word_1_61' title='bbox 463 1623 597 1690; x_wconf 77' lang='lat' dir='ltr'>Abnegat,</span> <span class='ocrx_word' id='word_1_62' title='bbox 613 1623 694 1690; x_wconf 92' lang='lat' dir='ltr'><strong>inque</strong></span> <span class='ocrx_word' id='word_1_63' title='bbox 708 1625 799 1678; x_wconf 87' lang='lat' dir='ltr'><strong>virum</strong></span> <span class='ocrx_word' id='word_1_64' title='bbox 813 1627 907 1692; x_wconf 85' lang='lat' dir='ltr'><strong>captat</strong></span> <span class='ocrx_word' id='word_1_65' title='bbox 918 1623 1021 1678; x_wconf 88' lang='lat' dir='ltr'><strong>habere</strong></span> <span class='ocrx_word' id='word_1_66' title='bbox 1033 1625 1172 1692; x_wconf 80' lang='lat' dir='ltr'><strong>Phrigem.</strong></span> 
     </span>
     <span class='ocr_line' id='line_1_12' title="bbox 429 1717 1063 1788; baseline 0.005 -17"><span class='ocrx_word' id='word_1_67' title='bbox 429 1717 541 1772; x_wconf 83' lang='lat' dir='ltr'><strong>Femina</strong></span> <span class='ocrx_word' id='word_1_68' title='bbox 553 1720 682 1788; x_wconf 87' lang='lat' dir='ltr'><strong>preponit</strong></span> <span class='ocrx_word' id='word_1_69' title='bbox 695 1721 768 1774; x_wconf 79' lang='lat' dir='ltr'><strong>votis</strong></span> <span class='ocrx_word' id='word_1_70' title='bbox 781 1721 875 1787; x_wconf 81' lang='lat' dir='ltr'><strong>ignota</strong></span> <span class='ocrx_word' id='word_1_71' title='bbox 888 1720 1063 1788; x_wconf 88' lang='lat' dir='ltr'><strong>propinquis;</strong></span> 
     </span>
     <span class='ocr_line' id='line_1_13' title="bbox 463 1815 1007 1879; baseline 0.006 -12"><span class='ocrx_word' id='word_1_72' title='bbox 463 1815 562 1869; x_wconf 83' lang='lat' dir='ltr'><strong>Extera</strong></span> <span class='ocrx_word' id='word_1_73' title='bbox 574 1815 614 1869; x_wconf 86' lang='lat' dir='ltr'><strong>sie</strong></span> <span class='ocrx_word' id='word_1_74' title='bbox 626 1815 703 1870; x_wconf 81' lang='lat' dir='ltr'><strong>novit</strong></span> <span class='ocrx_word' id='word_1_75' title='bbox 716 1815 820 1869; x_wconf 73' lang='lat' dir='ltr'><strong>semina</strong></span> <span class='ocrx_word' id='word_1_76' title='bbox 832 1816 904 1870; x_wconf 81' lang='lat' dir='ltr'><strong>ferre</strong></span> <span class='ocrx_word' id='word_1_77' title='bbox 919 1817 1007 1879; x_wconf 64' lang='lat' dir='ltr'><strong>vicem</strong></span> 
     </span>
     <span class='ocr_line' id='line_1_14' title="bbox 428 1909 960 1974; baseline 0 -10"><span class='ocrx_word' id='word_1_78' title='bbox 428 1909 498 1964; x_wconf 85' lang='lat' dir='ltr'><strong>Raro</strong></span> <span class='ocrx_word' id='word_1_79' title='bbox 511 1911 654 1974; x_wconf 82' lang='lat' dir='ltr'><strong>disceruit,</strong></span> <span class='ocrx_word' id='word_1_80' title='bbox 668 1925 731 1964; x_wconf 89' lang='lat' dir='ltr'><strong>raro</strong></span> <span class='ocrx_word' id='word_1_81' title='bbox 745 1911 893 1974; x_wconf 88' lang='lat' dir='ltr'><strong>deliberat;</strong></span> <span class='ocrx_word' id='word_1_82' title='bbox 907 1912 960 1964; x_wconf 87' lang='lat' dir='ltr'><strong>etsi</strong></span> 
     </span>
     <span class='ocr_line' id='line_1_15' title="bbox 464 2004 1127 2075; baseline 0.006 -17"><span class='ocrx_word' id='word_1_83' title='bbox 464 2004 591 2071; x_wconf 85' lang='lat' dir='ltr'><strong>Subdola,</strong></span> <span class='ocrx_word' id='word_1_84' title='bbox 607 2020 669 2059; x_wconf 89' lang='lat' dir='ltr'><strong>raro</strong></span> <span class='ocrx_word' id='word_1_85' title='bbox 683 2007 755 2074; x_wconf 86' lang='lat' dir='ltr'><strong>sapit</strong></span> <span class='ocrx_word' id='word_1_86' title='bbox 768 2006 833 2074; x_wconf 89' lang='lat' dir='ltr'><strong>quid</strong></span> <span class='ocrx_word' id='word_1_87' title='bbox 846 2006 917 2061; x_wconf 87' lang='lat' dir='ltr'><strong>bene</strong></span> <span class='ocrx_word' id='word_1_88' title='bbox 929 2006 1031 2075; x_wconf 87' lang='lat' dir='ltr'><strong>quidve</strong></span> <span class='ocrx_word' id='word_1_89' title='bbox 1044 2007 1127 2062; x_wconf 84' lang='lat' dir='ltr'><strong>maie.</strong></span> 
     </span>
     <span class='ocr_line' id='line_1_16' title="bbox 428 2101 1215 2170; baseline 0.003 -16"><span class='ocrx_word' id='word_1_90' title='bbox 428 2101 514 2155; x_wconf 82' lang='lat' dir='ltr'><strong>Marte</strong></span> <span class='ocrx_word' id='word_1_91' title='bbox 528 2102 615 2167; x_wconf 78' lang='lat' dir='ltr'><strong>ferox,</strong></span> <span class='ocrx_word' id='word_1_92' title='bbox 630 2107 794 2170; x_wconf 86' lang='lat' dir='ltr'><strong>sceptroque</strong></span> <span class='ocrx_word' id='word_1_93' title='bbox 808 2107 918 2170; x_wconf 85' lang='lat' dir='ltr'><strong>potens,</strong></span> <span class='ocrx_word' id='word_1_94' title='bbox 934 2103 1076 2170; x_wconf 78' lang='lat' dir='ltr'><strong>formaque</strong></span> <span class='ocrx_word' id='word_1_95' title='bbox 1088 2117 1215 2168; x_wconf 87' lang='lat' dir='ltr'><strong>serenus,</strong></span> 
     </span>
     <span class='ocr_line' id='line_1_17' title="bbox 465 2199 1083 2268; baseline 0.006 -17"><span class='ocrx_word' id='word_1_96' title='bbox 465 2199 570 2267; x_wconf 82' lang='lat' dir='ltr'><strong>Parque</strong></span> <span class='ocrx_word' id='word_1_97' title='bbox 583 2199 651 2264; x_wconf 85' lang='lat' dir='ltr'><strong>deis,</strong></span> <span class='ocrx_word' id='word_1_98' title='bbox 667 2201 723 2253; x_wconf 90' lang='lat' dir='ltr'><strong>imo</strong></span> <span class='ocrx_word' id='word_1_99' title='bbox 736 2200 799 2268; x_wconf 85' lang='lat' dir='ltr'><strong>pius</strong></span> <span class='ocrx_word' id='word_1_100' title='bbox 810 2199 878 2254; x_wconf 81' lang='lat' dir='ltr'><strong>Jove</strong></span> <span class='ocrx_word' id='word_1_101' title='bbox 891 2201 1001 2254; x_wconf 83' lang='lat' dir='ltr'><strong>Turnus</strong></span> <span class='ocrx_word' id='word_1_102' title='bbox 1013 2207 1083 2255; x_wconf 89' lang='lat' dir='ltr'><strong>erat.</strong></span> 
     </span>
     <span class='ocr_line' id='line_1_18' title="bbox 428 2293 1070 2361; baseline 0.005 -14"><span class='ocrx_word' id='word_1_103' title='bbox 428 2293 510 2348; x_wconf 79' lang='lat' dir='ltr'><strong>Phrix</strong></span> <span class='ocrx_word' id='word_1_104' title='bbox 523 2300 584 2349; x_wconf 87' lang='lat' dir='ltr'><strong>erut</strong></span> <span class='ocrx_word' id='word_1_105' title='bbox 595 2295 708 2349; x_wconf 82' lang='lat' dir='ltr'><strong>inferior</strong></span> <span class='ocrx_word' id='word_1_106' title='bbox 720 2296 834 2361; x_wconf 83' lang='lat' dir='ltr'><strong>virtute,</strong></span> <span class='ocrx_word' id='word_1_107' title='bbox 848 2298 982 2350; x_wconf 84' lang='lat' dir='ltr'><strong>remotior</strong></span> <span class='ocrx_word' id='word_1_108' title='bbox 994 2297 1056 2350; x_wconf 88' lang='lat' dir='ltr'><strong>iirio</strong></span> <span class='ocrx_word' id='word_1_109' title='bbox 1063 2312 1070 2360; x_wconf 87' lang='lat'>;</span> 
     </span>
     <span class='ocr_line' id='line_1_19' title="bbox 462 2391 1041 2458; baseline 0.003 -14"><span class='ocrx_word' id='word_1_110' title='bbox 462 2391 535 2458; x_wconf 76' lang='lat' dir='ltr'><strong>Rege</strong></span> <span class='ocrx_word' id='word_1_111' title='bbox 547 2391 648 2456; x_wconf 87' lang='lat' dir='ltr'><strong>minor,</strong></span> <span class='ocrx_word' id='word_1_112' title='bbox 663 2392 748 2446; x_wconf 89' lang='lat' dir='ltr'><strong>remis</strong></span> <span class='ocrx_word' id='word_1_113' title='bbox 761 2396 840 2446; x_wconf 84' lang='lat' dir='ltr'><strong>aetus</strong></span> <span class='ocrx_word' id='word_1_114' title='bbox 851 2397 880 2446; x_wconf 86' lang='lat' dir='ltr'><strong>et</strong></span> <span class='ocrx_word' id='word_1_115' title='bbox 892 2391 956 2446; x_wconf 82' lang='lat' dir='ltr'><strong>exul</strong></span> <span class='ocrx_word' id='word_1_116' title='bbox 970 2397 1041 2447; x_wconf 88' lang='lat' dir='ltr'><strong>erat.</strong></span> 
     </span>
     <span class='ocr_line' id='line_1_20' title="bbox 427 2485 1157 2555; baseline 0 -16"><span class='ocrx_word' id='word_1_117' title='bbox 427 2485 485 2540; x_wconf 83' lang='lat' dir='ltr'><strong>Huc</strong></span> <span class='ocrx_word' id='word_1_118' title='bbox 496 2489 581 2550; x_wconf 87' lang='lat' dir='ltr'><strong>amat,</strong></span> <span class='ocrx_word' id='word_1_119' title='bbox 596 2485 647 2540; x_wconf 85' lang='lat' dir='ltr'><strong>hee</strong></span> <span class='ocrx_word' id='word_1_120' title='bbox 660 2487 775 2554; x_wconf 88' lang='lat' dir='ltr'><strong>spernit,</strong></span> <span class='ocrx_word' id='word_1_121' title='bbox 790 2487 949 2555; x_wconf 86' lang='lat' dir='ltr'><strong>prepositus</strong></span> <span class='ocrx_word' id='word_1_122' title='bbox 962 2487 1068 2541; x_wconf 88' lang='lat' dir='ltr'><strong>advene</strong></span> <span class='ocrx_word' id='word_1_123' title='bbox 1080 2491 1157 2541; x_wconf 86' lang='lat' dir='ltr'><strong>noto.</strong></span> 
     </span>
     <span class='ocr_line' id='line_1_21' title="bbox 462 2582 1027 2650; baseline 0.004 -16"><span class='ocrx_word' id='word_1_124' title='bbox 462 2582 548 2636; x_wconf 85' lang='lat' dir='ltr'><strong>Nauta</strong></span> <span class='ocrx_word' id='word_1_125' title='bbox 561 2582 634 2646; x_wconf 82' lang='lat' dir='ltr'><strong>duci,</strong></span> <span class='ocrx_word' id='word_1_126' title='bbox 650 2583 707 2649; x_wconf 84' lang='lat' dir='ltr'><strong>regi</strong></span> <span class='ocrx_word' id='word_1_127' title='bbox 720 2583 881 2650; x_wconf 78' lang='lat' dir='ltr'><strong>naufragus,</strong></span> <span class='ocrx_word' id='word_1_128' title='bbox 896 2584 961 2638; x_wconf 84' lang='lat' dir='ltr'><strong>exul</strong></span> <span class='ocrx_word' id='word_1_129' title='bbox 974 2583 1027 2637; x_wconf 85' lang='lat' dir='ltr'><strong>iiro</strong></span> 
     </span>
     <span class='ocr_line' id='line_1_22' title="bbox 428 2676 1051 2742; baseline 0.003 -12"><span class='ocrx_word' id='word_1_130' title='bbox 428 2676 470 2730; x_wconf 85' lang='lat' dir='ltr'><strong>Fit</strong></span> <span class='ocrx_word' id='word_1_131' title='bbox 482 2677 574 2731; x_wconf 86' lang='lat' dir='ltr'><strong>subito</strong></span> <span class='ocrx_word' id='word_1_132' title='bbox 586 2678 665 2741; x_wconf 85' lang='lat' dir='ltr'><strong>felix;</strong></span> <span class='ocrx_word' id='word_1_133' title='bbox 680 2678 761 2732; x_wconf 88' lang='lat' dir='ltr'><strong>datur</strong></span> <span class='ocrx_word' id='word_1_134' title='bbox 772 2691 843 2731; x_wconf 83' lang='lat' dir='ltr'><strong>uuor</strong></span> <span class='ocrx_word' id='word_1_135' title='bbox 855 2679 890 2742; x_wconf 87' lang='lat' dir='ltr'><strong>ei,</strong></span> <span class='ocrx_word' id='word_1_136' title='bbox 907 2678 990 2732; x_wconf 89' lang='lat' dir='ltr'><strong>datur</strong></span> <span class='ocrx_word' id='word_1_137' title='bbox 1002 2693 1051 2732; x_wconf 88' lang='lat' dir='ltr'><strong>ora</strong></span> 
     </span>
     <span class='ocr_line' id='line_1_23' title="bbox 463 2773 1067 2842; baseline 0.005 -16"><span class='ocrx_word' id='word_1_138' title='bbox 463 2773 559 2838; x_wconf 76' lang='lat' dir='ltr'><strong>italie,</strong></span> <span class='ocrx_word' id='word_1_139' title='bbox 574 2773 677 2828; x_wconf 90' lang='lat' dir='ltr'><strong>dautur</strong></span> <span class='ocrx_word' id='word_1_140' title='bbox 689 2787 766 2842; x_wconf 85' lang='lat' dir='ltr'><strong>opes,</strong></span> <span class='ocrx_word' id='word_1_141' title='bbox 781 2777 810 2828; x_wconf 89' lang='lat' dir='ltr'><strong>et</strong></span> <span class='ocrx_word' id='word_1_142' title='bbox 823 2773 949 2828; x_wconf 85' lang='lat' dir='ltr'><strong>diadema</strong></span> <span class='ocrx_word' id='word_1_143' title='bbox 962 2775 1044 2828; x_wconf 85' lang='lat' dir='ltr'><strong>datur</strong></span> <span class='ocrx_word' id='word_1_144' title='bbox 1060 2792 1067 2830; x_wconf 78' lang='grc' dir='ltr'><strong>ι</strong></span> 
     </span>
     <span class='ocr_line' id='line_1_24' title="bbox 427 2867 1120 2936; baseline 0.004 -15"><span class='ocrx_word' id='word_1_145' title='bbox 427 2867 470 2922; x_wconf 82' lang='lat' dir='ltr'><strong>Sic</strong></span> <span class='ocrx_word' id='word_1_146' title='bbox 482 2869 572 2922; x_wconf 79' lang='lat' dir='ltr'><strong>variat</strong></span> <span class='ocrx_word' id='word_1_147' title='bbox 583 2869 703 2923; x_wconf 81' lang='lat' dir='ltr'><strong>Fortuna</strong></span> <span class='ocrx_word' id='word_1_148' title='bbox 716 2872 801 2935; x_wconf 79' lang='lat' dir='ltr'><strong>vices,</strong></span> <span class='ocrx_word' id='word_1_149' title='bbox 816 2871 857 2924; x_wconf 87' lang='lat' dir='ltr'><strong>sie</strong></span> <span class='ocrx_word' id='word_1_150' title='bbox 869 2875 959 2925; x_wconf 87' lang='lat' dir='ltr'><strong>mesta</strong></span> <span class='ocrx_word' id='word_1_151' title='bbox 972 2871 1120 2936; x_wconf 61' lang='lat' dir='ltr'><strong>seeundum</strong></span> 
     </span>
     <span class='ocr_line' id='line_1_25' title="bbox 460 2964 1047 3032; baseline 0.009 -15"><span class='ocrx_word' id='word_1_152' title='bbox 460 2964 503 3018; x_wconf 83' lang='lat' dir='ltr'><strong>Sic</strong></span> <span class='ocrx_word' id='word_1_153' title='bbox 516 2978 566 3019; x_wconf 89' lang='lat' dir='ltr'><strong>sua</strong></span> <span class='ocrx_word' id='word_1_154' title='bbox 578 2979 634 3020; x_wconf 91' lang='lat' dir='ltr'><strong>nou</strong></span> <span class='ocrx_word' id='word_1_155' title='bbox 648 2967 764 3031; x_wconf 82' lang='lat' dir='ltr'><strong>stabilis,</strong></span> <span class='ocrx_word' id='word_1_156' title='bbox 780 2968 820 3022; x_wconf 86' lang='lat' dir='ltr'><strong>sio</strong></span> <span class='ocrx_word' id='word_1_157' title='bbox 834 2965 961 3023; x_wconf 84' lang='lat' dir='ltr'><strong>malefida</strong></span> <span class='ocrx_word' id='word_1_158' title='bbox 974 2973 1047 3032; x_wconf 90' lang='lat' dir='ltr'><strong>rota;</strong></span> 
     </span>
     <span class='ocr_line' id='line_1_26' title="bbox 427 3059 1163 3133; baseline 0.004 -19"><span class='ocrx_word' id='word_1_159' title='bbox 427 3059 470 3115; x_wconf 84' lang='lat' dir='ltr'><strong>Sic</strong></span> <span class='ocrx_word' id='word_1_160' title='bbox 482 3059 530 3115; x_wconf 87' lang='lat' dir='ltr'><strong>dat</strong></span> <span class='ocrx_word' id='word_1_161' title='bbox 542 3075 608 3130; x_wconf 81' lang='lat' dir='ltr'><strong>opes</strong></span> <span class='ocrx_word' id='word_1_162' title='bbox 621 3064 667 3118; x_wconf 83' lang='lat' dir='ltr'><strong>eoi</strong></span> <span class='ocrx_word' id='word_1_163' title='bbox 679 3064 757 3132; x_wconf 82' lang='lat' dir='ltr'><strong>nigra</strong></span> <span class='ocrx_word' id='word_1_164' title='bbox 769 3066 856 3133; x_wconf 90' lang='lat' dir='ltr'><strong>prius.</strong></span> <span class='ocrx_word' id='word_1_165' title='bbox 894 3065 951 3130; x_wconf 88' lang='lat' dir='ltr'><strong>Quo</strong></span> <span class='ocrx_word' id='word_1_166' title='bbox 964 3070 1079 3120; x_wconf 83' lang='lat' dir='ltr'><strong>venerat</strong></span> <span class='ocrx_word' id='word_1_167' title='bbox 1089 3066 1163 3130; x_wconf 84' lang='lat' dir='ltr'><strong>exui,</strong></span> 
     </span>
     <span class='ocr_line' id='line_1_27' title="bbox 464 3157 1073 3230; baseline 0.01 -20"><span class='ocrx_word' id='word_1_168' title='bbox 464 3157 521 3220; x_wconf 86' lang='lat' dir='ltr'><strong>Quo</strong></span> <span class='ocrx_word' id='word_1_169' title='bbox 533 3159 628 3224; x_wconf 89' lang='lat' dir='ltr'><strong>miser,</strong></span> <span class='ocrx_word' id='word_1_170' title='bbox 642 3160 766 3214; x_wconf 78' lang='lat' dir='ltr'><strong>adversis</strong></span> <span class='ocrx_word' id='word_1_171' title='bbox 778 3175 911 3230; x_wconf 88' lang='lat' dir='ltr'><strong>prospera</strong></span> <span class='ocrx_word' id='word_1_172' title='bbox 923 3167 1014 3216; x_wconf 89' lang='lat' dir='ltr'><strong>mutat</strong></span> <span class='ocrx_word' id='word_1_173' title='bbox 1027 3163 1073 3217; x_wconf 89' lang='lat' dir='ltr'><strong>ibi.</strong></span> 
     </span>
     <span class='ocr_line' id='line_1_28' title="bbox 429 3252 1073 3328; baseline 0.011 -22"><span class='ocrx_word' id='word_1_174' title='bbox 429 3252 527 3308; x_wconf 80' lang='lat' dir='ltr'><strong>Ofelix</strong></span> <span class='ocrx_word' id='word_1_175' title='bbox 539 3269 621 3323; x_wconf 89' lang='lat' dir='ltr'><strong>quam</strong></span> <span class='ocrx_word' id='word_1_176' title='bbox 637 3261 714 3310; x_wconf 88' lang='lat' dir='ltr'><strong>tanta</strong></span> <span class='ocrx_word' id='word_1_177' title='bbox 726 3258 790 3311; x_wconf 88' lang='lat' dir='ltr'><strong>beat</strong></span> <span class='ocrx_word' id='word_1_178' title='bbox 803 3263 859 3312; x_wconf 87' lang='lat' dir='ltr'><strong>tam</strong></span> <span class='ocrx_word' id='word_1_179' title='bbox 872 3259 947 3324; x_wconf 80' lang='lat' dir='ltr'><strong>regia</strong></span> <span class='ocrx_word' id='word_1_180' title='bbox 961 3259 1073 3328; x_wconf 85' lang='lat' dir='ltr'><strong>conjux,</strong></span> 
     </span>
     <span class='ocr_line' id='line_1_29' title="bbox 462 3348 1140 3423; baseline 0.007 -21"><span class='ocrx_word' id='word_1_181' title='bbox 462 3348 528 3403; x_wconf 88' lang='lat' dir='ltr'><strong>Tam</strong></span> <span class='ocrx_word' id='word_1_182' title='bbox 541 3349 623 3417; x_wconf 84' lang='lat' dir='ltr'><strong>hona,</strong></span> <span class='ocrx_word' id='word_1_183' title='bbox 639 3356 697 3406; x_wconf 86' lang='lat' dir='ltr'><strong>tam</strong></span> <span class='ocrx_word' id='word_1_184' title='bbox 710 3354 807 3419; x_wconf 82' lang='lat' dir='ltr'><strong>comis,</strong></span> <span class='ocrx_word' id='word_1_185' title='bbox 823 3357 880 3408; x_wconf 90' lang='lat' dir='ltr'><strong>tam</strong></span> <span class='ocrx_word' id='word_1_186' title='bbox 893 3355 960 3409; x_wconf 82' lang='lat' dir='ltr'><strong>Jove</strong></span> <span class='ocrx_word' id='word_1_187' title='bbox 972 3355 1055 3423; x_wconf 81' lang='lat' dir='ltr'><strong>digua</strong></span> <span class='ocrx_word' id='word_1_188' title='bbox 1067 3355 1140 3410; x_wconf 83' lang='lat' dir='ltr'><strong>uiroi</strong></span> 
     </span>
    </p>
   </div>
   <div class='ocr_carea' id='block_1_4' title="bbox 427 3536 1177 4282">
    <p class='ocr_par' dir='ltr' id='par_1_5' title="bbox 427 3536 1177 4282">
     <span class='ocr_line' id='line_1_30' title="bbox 428 3536 1094 3610; baseline 0.012 -20"><span class='ocrx_word' id='word_1_189' title='bbox 428 3536 459 3591; x_wconf 94' lang='lat' dir='ltr'><strong>in</strong></span> <span class='ocrx_word' id='word_1_190' title='bbox 475 3551 592 3606; x_wconf 80' lang='lat' dir='ltr'><strong>ragnum</strong></span> <span class='ocrx_word' id='word_1_191' title='bbox 606 3545 670 3609; x_wconf 88' lang='lat' dir='ltr'><strong>post</strong></span> <span class='ocrx_word' id='word_1_192' title='bbox 681 3541 738 3595; x_wconf 86' lang='lat' dir='ltr'><strong>fata</strong></span> <span class='ocrx_word' id='word_1_193' title='bbox 751 3543 838 3610; x_wconf 84' lang='lat' dir='ltr'><strong>patris</strong></span> <span class='ocrx_word' id='word_1_194' title='bbox 851 3544 987 3598; x_wconf 84' lang='lat' dir='ltr'><strong>suecessit</strong></span> <span class='ocrx_word' id='word_1_195' title='bbox 998 3543 1094 3610; x_wconf 80' lang='lat' dir='ltr'><strong>iulus,</strong></span> 
     </span>
     <span class='ocr_line' id='line_1_31' title="bbox 462 3633 1075 3708; baseline 0.011 -21"><span class='ocrx_word' id='word_1_196' title='bbox 462 3633 529 3702; x_wconf 83' lang='lat' dir='ltr'><strong>Spes</strong></span> <span class='ocrx_word' id='word_1_197' title='bbox 542 3635 639 3703; x_wconf 89' lang='lat' dir='ltr'><strong>patris,</strong></span> <span class='ocrx_word' id='word_1_198' title='bbox 655 3640 684 3690; x_wconf 92' lang='lat' dir='ltr'><strong>et</strong></span> <span class='ocrx_word' id='word_1_199' title='bbox 695 3639 752 3691; x_wconf 90' lang='lat' dir='ltr'><strong>nati</strong></span> <span class='ocrx_word' id='word_1_200' title='bbox 764 3638 869 3692; x_wconf 86' lang='lat' dir='ltr'><strong>inultus</strong></span> <span class='ocrx_word' id='word_1_201' title='bbox 884 3641 912 3693; x_wconf 92' lang='lat' dir='ltr'><strong>iu</strong></span> <span class='ocrx_word' id='word_1_202' title='bbox 925 3653 974 3694; x_wconf 90' lang='lat' dir='ltr'><strong>ore</strong></span> <span class='ocrx_word' id='word_1_203' title='bbox 986 3645 1075 3708; x_wconf 91' lang='lat' dir='ltr'><strong>pater.</strong></span> 
     </span>
     <span class='ocr_line' id='line_1_32' title="bbox 428 3728 1101 3803; baseline 0.012 -21"><span class='ocrx_word' id='word_1_204' title='bbox 428 3728 486 3783; x_wconf 84' lang='lat' dir='ltr'><strong>Non</strong></span> <span class='ocrx_word' id='word_1_205' title='bbox 499 3729 575 3782; x_wconf 91' lang='lat' dir='ltr'><strong>iilum</strong></span> <span class='ocrx_word' id='word_1_206' title='bbox 588 3733 724 3798; x_wconf 82' lang='lat' dir='ltr'><strong>promissa</strong></span> <span class='ocrx_word' id='word_1_207' title='bbox 737 3733 820 3799; x_wconf 77' lang='lat' dir='ltr'><strong>iovis,</strong></span> <span class='ocrx_word' id='word_1_208' title='bbox 835 3749 892 3790; x_wconf 91' lang='lat' dir='ltr'><strong>non</strong></span> <span class='ocrx_word' id='word_1_209' title='bbox 905 3736 962 3791; x_wconf 83' lang='lat' dir='ltr'><strong>iata</strong></span> <span class='ocrx_word' id='word_1_210' title='bbox 975 3736 1101 3803; x_wconf 81' lang='lat' dir='ltr'><strong>deorum,</strong></span> 
     </span>
     <span class='ocr_line' id='line_1_33' title="bbox 463 3825 1009 3894; baseline 0.009 -17"><span class='ocrx_word' id='word_1_211' title='bbox 463 3825 521 3878; x_wconf 89' lang='lat' dir='ltr'><strong>Nun</strong></span> <span class='ocrx_word' id='word_1_212' title='bbox 534 3827 621 3894; x_wconf 86' lang='lat' dir='ltr'><strong>patris</strong></span> <span class='ocrx_word' id='word_1_213' title='bbox 634 3833 752 3882; x_wconf 81' lang='lat' dir='ltr'><strong>eventus</strong></span> <span class='ocrx_word' id='word_1_214' title='bbox 765 3828 925 3884; x_wconf 84' lang='lat' dir='ltr'><strong>destituisse</strong></span> <span class='ocrx_word' id='word_1_215' title='bbox 937 3845 1009 3884; x_wconf 86' lang='lat' dir='ltr'><strong>reor.</strong></span> 
     </span>
     <span class='ocr_line' id='line_1_34' title="bbox 428 3918 1177 3995; baseline 0.012 -22"><span class='ocrx_word' id='word_1_216' title='bbox 428 3918 518 3974; x_wconf 86' lang='lat' dir='ltr'><strong>Vincit</strong></span> <span class='ocrx_word' id='word_1_217' title='bbox 530 3934 606 3985; x_wconf 78' lang='lat' dir='ltr'><strong>oros,</strong></span> <span class='ocrx_word' id='word_1_218' title='bbox 623 3927 823 3992; x_wconf 87' lang='lat' dir='ltr'><strong>quamtamque</strong></span> <span class='ocrx_word' id='word_1_219' title='bbox 835 3937 898 3979; x_wconf 87' lang='lat' dir='ltr'><strong>rose</strong></span> <span class='ocrx_word' id='word_1_220' title='bbox 911 3933 1059 3995; x_wconf 87' lang='lat' dir='ltr'><strong>superatur</strong></span> <span class='ocrx_word' id='word_1_221' title='bbox 1071 3927 1177 3982; x_wconf 87' lang='lat' dir='ltr'><strong>honore</strong></span> 
     </span>
     <span class='ocr_line' id='line_1_35' title="bbox 462 4017 1161 4091; baseline 0.011 -20"><span class='ocrx_word' id='word_1_222' title='bbox 462 4017 544 4086; x_wconf 84' lang='lat' dir='ltr'><strong>Spina</strong></span> <span class='ocrx_word' id='word_1_223' title='bbox 557 4031 649 4071; x_wconf 89' lang='lat' dir='ltr'><strong>rosam</strong></span> <span class='ocrx_word' id='word_1_224' title='bbox 662 4021 782 4086; x_wconf 82' lang='lat' dir='ltr'><strong>pariana,</strong></span> <span class='ocrx_word' id='word_1_225' title='bbox 798 4025 855 4074; x_wconf 89' lang='lat' dir='ltr'><strong>tam</strong></span> <span class='ocrx_word' id='word_1_226' title='bbox 869 4024 971 4089; x_wconf 87' lang='lat' dir='ltr'><strong>premit</strong></span> <span class='ocrx_word' id='word_1_227' title='bbox 984 4023 1029 4077; x_wconf 90' lang='lat' dir='ltr'><strong>iilo</strong></span> <span class='ocrx_word' id='word_1_228' title='bbox 1042 4029 1161 4091; x_wconf 85' lang='lat' dir='ltr'><strong>patrem.</strong></span> 
     </span>
     <span class='ocr_line' id='line_1_36' title="bbox 427 4112 1089 4183; baseline 0.009 -17"><span class='ocrx_word' id='word_1_229' title='bbox 427 4112 496 4166; x_wconf 82' lang='lat' dir='ltr'><strong>Huic</strong></span> <span class='ocrx_word' id='word_1_230' title='bbox 509 4117 587 4180; x_wconf 84' lang='lat' dir='ltr'><strong>pater</strong></span> <span class='ocrx_word' id='word_1_231' title='bbox 599 4112 718 4169; x_wconf 73' lang='lat' dir='ltr'><strong>incluse</strong></span> <span class='ocrx_word' id='word_1_232' title='bbox 731 4116 775 4183; x_wconf 89' lang='lat' dir='ltr'><strong>pia</strong></span> <span class='ocrx_word' id='word_1_233' title='bbox 788 4115 890 4183; x_wconf 83' lang='lat' dir='ltr'><strong>proies,</strong></span> <span class='ocrx_word' id='word_1_234' title='bbox 906 4117 1004 4171; x_wconf 82' lang='lat' dir='ltr'><strong>Siluius</strong></span> <span class='ocrx_word' id='word_1_235' title='bbox 1016 4133 1089 4182; x_wconf 85' lang='lat' dir='ltr'><strong>eres,</strong></span> 
     </span>
     <span class='ocr_line' id='line_1_37' title="bbox 464 4207 1085 4282; baseline 0.013 -21"><span class='ocrx_word' id='word_1_236' title='bbox 464 4207 599 4277; x_wconf 80' lang='lat' dir='ltr'><strong>Neapolis</strong></span> <span class='ocrx_word' id='word_1_237' title='bbox 611 4209 678 4264; x_wconf 79' lang='lat' dir='ltr'><strong>niba</strong></span> <span class='ocrx_word' id='word_1_238' title='bbox 689 4211 767 4278; x_wconf 88' lang='lat' dir='ltr'><strong>prius</strong></span> <span class='ocrx_word' id='word_1_239' title='bbox 779 4211 860 4280; x_wconf 84' lang='lat' dir='ltr'><strong>Trojo</strong></span> <span class='ocrx_word' id='word_1_240' title='bbox 873 4213 972 4267; x_wconf 78' lang='lat' dir='ltr'><strong>Creusa</strong></span> <span class='ocrx_word' id='word_1_241' title='bbox 984 4227 1085 4282; x_wconf 88' lang='lat' dir='ltr'><strong>pareus</strong></span> 
     </span>
    </p>
   </div>
   <div class='ocr_carea' id='block_1_5' title="bbox 0 0 1640 5188">
    <p class='ocr_par' dir='ltr' id='par_1_6' title="bbox 0 0 1640 5188">
     <span class='ocr_line' id='line_1_38' title="bbox 0 0 1640 5188; baseline 0 0"><span class='ocrx_word' id='word_1_242' title='bbox 0 0 1640 5188; x_wconf 95' lang='lat' dir='ltr'><strong> </strong></span> 
     </span>
    </p>
   </div>
  </div>
 </body>
</html>
