3206 5134
585 545 688 591 arasa
708 545 869 592 rnnrrus.

248 655 465 719 cassibellanns
479 655 570 718 irater
583 655 717 720 succedit
730 655 835 734 eidem,

209 777 348 848 Quamvis
363 775 548 856 Androgeus,
564 776 761 854 Tenuanoins,
778 776 875 838 inclita
889 777 985 859 proles

207 899 282 980 Hcly
297 897 404 974 lralris,
419 898 526 978 regalis
542 897 685 979 attingere
700 899 812 962 culmen
826 899 946 962 honoris

206 1018 370 1094 Deberent;
386 1023 481 1080 tamen
495 1018 526 1080 id
539 1017 602 1081 lieri
619 1018 713 1082 minor
727 1019 849 1120 impedit
863 1025 934 1083 etas.

247 1139 340 1200 Julius
354 1137 475 1216 interca,
490 1143 558 1221 post
573 1137 683 1201 Gallica
696 1158 786 1220 regna
799 1141 930 1218 subacta,

206 1258 301 1321 Partis
316 1259 345 1322 in
361 1259 496 1342 opposite
510 1263 590 1322 stans
603 1259 701 1337 litore,
716 1260 830 1323 nomine
843 1280 963 1342 regnum
1181 1285 1240 1333 narn

207 1379 391 1462 Prospiciens
407 1380 567 1456 Britonum‚
583 1379 677 1460 gentis
692 1384 827 1460 terreque
841 1382 935 1444 relato

206 1501 340 1580 Nomine,
357 1502 399 1564 sio
411 1503 505 1584 inquil
521 1525 528 1564 ε
545 1503 669 1567 “Latios
684 1503 876 1584 Britonesqua
890 1505 980 1568 luisse

206 1621 346 1702 Ejusdem
359 1622 475 1702 generis
489 1629 629 1687 memorat
643 1625 807 1687 veneranda
820 1629 964 1701 vatuslas;

207 1743 266 1806 Sed
278 1749 375 1808 tamur
389 1765 405 1808 a
420 1745 502 1808 nobis
516 1745 626 1808 distant
639 1746 784 1828 probitate
798 1747 929 1827 locoque.

207 1865 348 1927 Hortandi
362 1865 419 1928 cito
433 1871 502 1929 sunt
515 1866 598 1930 uobis
612 1871 744 1950 prestare
757 1867 909 1945 tribulum,

207 1986 266 2047 Ant
277 1985 304 2048 vi
321 1987 454 2067 cogendi.
466 1987 482 2012 '²
524 1987 612 2062 Quod
627 2008 691 2051 cnm
706 1988 880 2070 scripsisset,
896 1994 925 2050 et
940 1988 996 2071 ipsi

205 2106 372 2169 Mandasset
385 2109 457 2188 regi,
474 2127 524 2170 rer
539 2108 707 2190 indignatus
721 2109 825 2190 eidem,

208 2227 335 2291 Consilio
348 2228 439 2292 fretus
453 2230 584 2306 heroum,
600 2230 668 2292 talia
683 2229 798 2312 scripsit
815 2252 821 2290 :

245 2347 261 2372 ‘¹
275 2348 366 2411 Roma
380 2367 481 2412 manus
494 2349 613 2426 rodens,
630 2351 758 2414 thesauri
773 2349 873 2413 dedita
889 2354 967 2415 tante

206 2469 355 2552 Ydropisi,
372 2488 457 2550 quam
472 2470 551 2532 nulla
564 2469 655 2553 phisis
668 2470 721 2533 tibi
735 2470 835 2534 tollere
849 2471 939 2548 novit,
1177 2495 1237 2542 isso

207 2589 287 2661 Quid
301 2589 352 2652 tibi
367 2591 536 2653 nobiscum?
578 2591 639 2655 Cur
653 2611 706 2653 nos
721 2591 773 2653 tibi
787 2593 912 2655 subdere
927 2597 1069 2674 tcmptnsl

205 2710 303 2774 Ardor
316 2711 439 2775 avaricie
454 2731 510 2793 quo
525 2712 694 2775 naturaliter
707 2713 804 2790 ardes,

206 2833 249 2895 Te
262 2833 391 2896 stimulat
404 2854 507 2898 census
521 2834 677 2915 mundique
691 2835 772 2898 sitire
786 2837 912 2898 metalla.

206 2953 370 3017 Laudamus
384 2955 498 3032 Partus,
514 2961 544 3019 et
556 2957 586 3018 in
600 2957 655 3018 hoc
669 2955 842 3020 absolvimus
855 2955 930 3032 illos,

206 3074 295 3146 Quod
309 3075 417 3139 Oresus
432 3075 517 3140 vitam
531 3075 621 3138 linivit
635 3077 736 3138 iuuere
750 3075 850 3156 digno,

206 3196 266 3259 Oro
279 3197 382 3260 bibens
396 3217 497 3261 aurum
511 3197 590 3279 quod
604 3199 692 3262 corde
706 3198 796 3260 sitivit
808 3217 905 3260 avaro.

204 3318 339 3381 Attamen
353 3319 446 3382 Encas
460 3339 478 3382 a
491 3339 549 3400 quo
563 3324 646 3402 patre
661 3319 793 3382 ducimus
807 3325 913 3396 ortum,

203 3439 265 3500 Nos
280 3439 348 3501 iacit
361 3440 495 3520 equales3
512 3440 582 3502 nulli
597 3440 766 3503 servivimus
780 3459 918 3521 unquam,

203 3559 282 3622 Nulli
296 3579 442 3642 paremus,
459 3561 528 3624 nulli
541 3580 645 3644 parere
658 3565 800 3624 tenemur.

203 3682 346 3745 Nobilitas
360 3681 460 3746 cadem
474 3703 528 3746 nos
542 3689 571 3746 et
584 3703 635 3746 vos
649 3681 748 3745 reddit
762 3683 878 3746 eosdem

205 3804 288 3876 Quos
301 3803 407 3886 partim
420 3823 559 3886 superare
573 3805 665 3887 copis,
682 3805 846 3887 partimque
860 3805 989 3868 subesse.

204 3924 305 4002 cesar,
322 3925 371 4005 qui
386 3945 451 3988 ceso
465 3945 569 3988 nomen
583 3925 674 3989 trahis
688 3925 765 3989 istud
780 3927 816 3988 ab
830 3927 925 4000 hoste,

203 4047 248 4108 Ne
263 4045 464 4127 quiscerem,
480 4046 521 4109 sis
537 4047 626 4110 Cesar
643 4068 649 4108 :
666 4048 738 4110 cede
752 4046 908 4109 Britannis.

204 4171 249 4229 dn
264 4167 332 4246 quia
344 4167 507 4231 subcumbit
519 4168 570 4231 tibi
586 4168 680 4232 Gallia
693 4168 779 4244 victa,
795 4167 939 4250 superbis,
