3206 5134
382 752 632 820 GESTORUM
656 752 821 820 REGUM
843 753 1112 821 BRITANNIAE

624 997 713 1048 niune
730 997 865 1049 TERTIUS.

595 1480 720 1552 Prntnqns
734 1477 799 1535 libri
812 1480 895 1536 tertii.

270 1715 386 1778 Tertius
400 1718 526 1776 umatus
539 1713 644 1776 tratres
658 1715 787 1776 exarmet
798 1711 915 1774 inermis

230 1834 396 1898 Ammonitn
409 1833 521 1896 metris.
565 1831 665 1896 Gallos
677 1831 822 1912 urbesque
838 1830 954 1905 Quirini

230 1957 267 2020 Vi
280 1960 429 2038 superent.
485 1953 612 2016 Patrium
625 1953 709 2035 petit.
752 1954 833 2017 Unus
847 1957 877 2016 et
890 1954 1014 2037 imperet
1027 1956 1109 2018 ulter.

230 2079 321 2141 Dncia
334 2077 455 2158 vectigal
468 2076 578 2140 reddit.
620 2074 796 2140 DetMurtin
809 2077 899 2157 leges.
1214 2098 1259 2145 nnn

230 2199 359 2261 Deserat
372 2197 501 2260 immunis
514 2197 631 2260 crudele
645 2197 731 2260 belua
743 2215 842 2278 regern

230 2318 413 2402 Depositum.
455 2319 523 2381 Pins
537 2318 689 2382 instituens
704 2337 736 2381 se
750 2317 892 2400 degrndnt
905 2319 1012 2401 ipsum.

231 2439 290 2502 'i'er
302 2440 389 2502 sumit
402 2437 535 2502 diadema
547 2438 617 2502 Pius
631 2457 696 2501 cum
709 2439 788 2520 regis
801 2439 922 2502 honore.

231 2561 322 2622 tutius
336 2560 500 2624 Occennum
514 2559 630 2638 transit,
646 2559 796 2642 victusque
810 2559 930 2623 recedit.

233 2681 297 2753 Qne
310 2681 421 2743 tociens
434 2699 572 2763 superare
586 2699 656 2744 suns
670 2699 727 2743 nou
741 2679 849 2742 desinit
862 2681 973 2758 hostes,

230 2800 290 2862 Nec
303 2799 389 2862 solite
402 2805 448 2862 est
461 2799 546 2882 uinci,
561 2800 614 2863 sed
629 2800 690 2862 solu
704 2799 852 2863 Britannia
864 2799 963 2863 vincit.

597 3051 698 3125 Incipit
711 3049 777 3107 tiber
790 3051 894 3107 tortines.

271 3282 460 3345 Architeneus
473 3282 521 3345 vix
534 3283 704 3347 Romuleum
717 3261 910 3364 compievernt
924 3301 1041 3360 annum,

232 3403 304 3468 Cum
319 3403 377 3466 dnx
391 3403 517 3466 decedit.
559 3403 695 3468 Succedit
708 3403 850 3466 Brennius
864 3402 916 3480 illi,

233 3523 291 3596 Qui
305 3525 342 3586 de
356 3526 491 3587 thesauro
506 3543 591 3604 quem
605 3522 664 3586 dux
678 3528 853 3604 servaverat,
868 3523 961 3605 etqui

230 3651 281 3713 iist
294 3653 331 3713 ub
345 3651 408 3714 uvis
422 3651 573 3732 atavisque
587 3649 671 3713 ducis
685 3650 835 3731 cottectns,
851 3649 881 3713 in
895 3669 995 3713 omnes

231 3771 322 3851 Lnrge
337 3770 495 3834 distribuit.
538 3770 713 3834 Cunctorum
728 3768 851 3850 acquirit
864 3759 1001 3833 umorem*

230 3891 409 3954 Muneribus.
452 3891 541 3972 Vigili
555 3909 624 3954 curn
637 3895 793 3954 rectractnt
806 3889 885 3974 apud
899 3911 931 3953 se

231 4011 363 4084 Qnuliter
376 4011 406 4074 in
421 4013 538 4076 tratrem
550 4012 681 4076 Beliuunr
696 4011 829 4074 vendicet
845 4031 852 4072 :
870 4009 959 4087 unde,

230 4133 352 4214 Agmine
366 4133 498 4212 collecto,
513 4131 614 4196 transit
627 4151 717 4195 mare.
761 4131 861 4197 Currit
872 4131 903 4194 in
916 4131 995 4196 illum
