3206 5134
379 515 418 577 39
656 530 760 575 aesna
782 531 898 575 nenos
921 531 1134 576 norraunrn.

379 642 428 706 Sic
441 662 562 724 rognum
577 641 675 705 lustris
692 646 757 704 octo
771 641 935 722 Donguallo
950 641 1103 720 gubernat.

419 765 490 826 Post
502 765 577 826 hunc
590 763 707 826 Batinus
721 769 751 824 ct
764 763 917 840 Brenuius,
934 763 1030 826 inclita
1044 764 1152 846 proles,

378 884 458 947 lilius
472 885 500 946 in
514 905 604 966 regno
619 885 774 948 succedere
788 891 879 948 certat
894 889 1027 964 uterque.

378 1006 524 1069 Dividitur
537 1025 673 1087 regnum
690 1025 743 1070 sua
756 1027 825 1090 pars
839 1006 971 1087 signatur
985 1005 1110 1086 utrique.

378 1129 417 1190 Ut
429 1129 521 1210 priano
535 1128 642 1210 genito,
660 1129 748 1191 cessit
760 1129 838 1209 regis
852 1128 985 1191 diadema

378 1250 439 1312 Soli
453 1251 569 1326 Belino;
586 1251 675 1314 irater
689 1271 803 1332 quoque
817 1250 950 1314 subditur
962 1250 1014 1312 iui.

378 1371 515 1450 Quinque
529 1391 612 1434 suum
628 1372 711 1434 tedus
725 1377 852 1449 servant,
868 1392 926 1434 non
940 1371 1074 1453 amplius,
1091 1371 1188 1447 ennis3

377 1491 508 1572 Namque
521 1493 636 1554 misceri
650 1491 797 1555 discordia
810 1491 998 1574 prosperitati

376 1613 453 1693 Sepe
467 1612 552 1674 solet.
596 1613 720 1685 Quidam
735 1611 840 1693 quibus
855 1616 900 1672 cst
914 1611 1068 1674 concordia
1083 1612 1195 1674 discors

376 1731 491 1812 Paxque
505 1734 635 1810 molesta,
653 1753 705 1796 suu
720 1733 836 1795 domino
850 1732 957 1795 dixisse
971 1734 1102 1796 seruntur
1119 1754 1126 1793 z

375 1852 391 1878 “
403 1852 522 1930 Brenni,
537 1853 683 1916 confratri
697 1853 847 1936 subjectus
862 1856 911 1914 es?
950 1855 988 1915 nt
1002 1858 1085 1935 pater
1100 1851 1175 1914 idem

375 1973 437 2034 Vos
451 1973 561 2053 genuit,
578 1977 726 2054 materque
740 1974 851 2035 cedern.
896 1973 963 2044 Qua
977 1972 1141 2034 conditione

375 2093 423 2170 Fs,
440 2094 518 2156 vetut
530 2093 653 2170 infamis,
669 2094 748 2175 regis
761 2094 891 2174 privatus
905 2093 1034 2154 honore?

376 2213 459 2276 Adde
474 2214 552 2295 quod
565 2215 595 2276 in
610 2215 705 2278 multis
719 2215 802 2278 bellis
816 2219 951 2296 expertus
966 2233 1008 2276 es.
1052 2215 1134 2276 Anne

376 2335 443 2396 Dux
455 2334 661 2411 Morianorurn,
678 2339 708 2397 te
723 2334 921 2416 compellente,
938 2333 1087 2415 Reulpbus

376 2456 472 2536 Fugit,
489 2455 558 2519 durn
573 2461 688 2518 nostros
703 2457 788 2518 vellet
801 2455 855 2518 sibi
869 2453 995 2516 subdere
1010 2453 1100 2517 fines?

376 2577 449 2639 Tam
463 2577 560 2640 fedum
574 2578 658 2640 sedus
672 2578 863 2659 rumpendum
878 2581 938 2652 est3
955 2575 993 2637 sit
1005 2575 1058 2636 tibi
1073 2575 1138 2658 conj
1143 2595 1199 2637 unx
1307 2657 1313 2672 ι

375 2697 552 2778 Norguegici
565 2696 643 2778 regis
656 2697 747 2760 Eisini
761 2697 829 2774 tilia,
846 2695 893 2778 cuj
899 2715 931 2758 us

375 2817 483 2879 Nactus
498 2836 585 2900 opem
599 2817 708 2899 poteris
722 2815 843 2898 adipisci
857 2815 935 2896 regis
949 2815 1097 2878 honorem.
1112 2815 1127 2838 ’'

359 2917 363 2926 ’
376 2937 496 3000 Talibus
511 2942 598 3017 utque
612 2937 676 3000 aliis
689 2937 825 3014 inductus
838 2935 991 3012 Brennius‚
1007 2936 1063 2997 iuis

376 3057 494 3120 Annuit.
537 3057 627 3119 Elsini
641 3075 761 3137 reguum
777 3057 861 3139 petit.
904 3057 984 3118 Uxor
998 3056 1090 3118 cidens

375 3177 517 3260 Exoptata
531 3177 629 3240 datur.
670 3178 771 3240 Frater
785 3185 943 3241 commotus
958 3179 988 3240 in
1003 3179 1028 3260 ej
1033 3200 1066 3240 us

375 3297 521 3360 Discurrit
534 3301 653 3360 sortem.
696 3295 782 3378 Capit
795 3298 893 3380 opida,
910 3297 1044 3360 vendicat
1057 3299 1155 3374 arbee,

374 3418 556 3498 Munitasqnc
570 3417 630 3480 suis
645 3417 735 3480 tradit
748 3417 917 3480 custodibus
931 3417 1004 3480 illas.

376 3537 518 3600 Brennius
532 3536 632 3600 cardito
646 3539 736 3600 frater
750 3539 830 3619 quod
843 3539 952 3600 fecerat
966 3538 994 3620 ej
999 3559 1044 3616 us,

375 3658 543 3739 congregat
556 3658 733 3721 innumerum
747 3659 840 3722 soceri
855 3660 891 3722 de
906 3664 992 3740 gente
1007 3659 1166 3735 cohortem,

374 3779 585 3860 Nerigiumquc
598 3782 696 3860 parat3
713 3798 778 3840 cum
793 3779 918 3861 conjuge
933 3779 1059 3859 navigat.
1103 3781 1175 3841 Ecce

374 3902 435 3964 Rex
449 3901 547 3963 Dacus
563 3899 723 3962 Gutblacus
736 3919 812 3976 curn,
829 3905 979 3982 correptus
994 3919 1091 3962 aurore

375 4021 517 4104 Cunjugis
531 4020 620 4100 illius,
636 4018 764 4081 collectis
779 4019 871 4081 classe
884 4019 1012 4100 virisque
1121 4089 1123 4092 ,

374 4142 555 4224 Assequitur.
597 4140 706 4202 Navata
720 4144 805 4220 parat
817 4159 885 4221 pars
901 4146 1021 4220 utraque
1037 4142 1153 4204 bellum.
