3226 5168
607 563 709 610 utun
730 561 851 610 NONUS.

215 677 347 758 Cingitur
360 677 511 740 innumero
526 674 709 756 begeccstria
724 674 848 736 Saxone.
892 671 1000 748 Clausi,

212 799 371 863 btissssibus
384 798 518 878 saxisque
532 817 601 860 suos
615 795 770 859 defendero
785 815 882 858 muros

215 918 349 982 Graviter
362 917 526 981 intendunt.
569 917 757 979 Prosternere
771 914 883 978 iortiter
897 915 983 994 Angli

214 1038 259 1102 nd
271 1045 376 1100 terram
391 1041 550 1121 properant
562 1036 636 1100 muri
651 1035 817 1100 munimina.
861 1034 991 1097 Tandem

213 1160 290 1222 Urbs
304 1159 434 1241 capitur;
449 1163 573 1241 pereunt
586 1157 675 1234 cives,
691 1156 855 1220 discrimino
869 1157 958 1233 nulio,

215 1281 346 1342 insontes
359 1285 517 1359 sontesque
529 1277 629 1354 simul;
646 1283 777 1340 sacratus
792 1277 900 1360 apertis

215 1404 291 1463 Arra
305 1401 381 1482 rigat
391 1399 505 1484 jugulis
520 1400 588 1463 cieri
603 1419 705 1476 cruor;
722 1399 817 1462 hostia
831 1400 884 1462 celi

214 1523 290 1584 Tota
304 1527 405 1604 patent
418 1521 508 1584 valvis
521 1521 669 1604 adapertis
683 1521 810 1598 hostica;
828 1521 943 1584 Christo

214 1643 315 1707 Hostia
327 1650 411 1726 grata
424 1645 530 1726 piacet,
546 1663 604 1707 nou
618 1643 807 1706 sacrificantis
821 1662 929 1720 amore,

214 1763 274 1827 Sed
288 1764 356 1845 quia
366 1765 496 1828 membra
509 1764 565 1828 sibi
578 1763 664 1846 capiti
679 1765 828 1826 conforma
841 1763 951 1844 gaudet

215 1885 406 1950 Couseruissc
419 1887 511 1950 Deus.
555 1887 581 1950 0
596 1905 682 1967 quam
696 1886 862 1950 admirabile
877 1887 981 1948 betium

214 2009 266 2071 Est
279 2008 329 2071 ubi
342 2008 393 2090 qui
407 2009 518 2092 patitur
530 2013 684 2091 reputatur
697 2009 799 2086 victor,
816 2015 846 2072 et
859 2009 904 2070 itte

216 2130 275 2202 Qui
288 2130 377 2192 vincit
390 2130 497 2194 victus!
541 2129 627 2194 Cedit
641 2130 760 2194 uictoria
773 2149 851 2205 ceso,

216 2251 301 2315 Cedit
314 2253 407 2316 cesori
421 2253 563 2329 confusio,
579 2271 663 2316 ocsus
678 2253 715 2316 ad
729 2258 819 2329 astra,

216 2373 307 2437 Cosor
319 2376 356 2438 ud
370 2375 513 2440 internum
526 2379 595 2458 post
608 2395 724 2438 comum
738 2375 832 2438 tendit
845 2375 958 2456 agonis.

255 2497 333 2559 Dum
347 2495 401 2559 sibi
415 2496 600 2577 congaudent
613 2501 699 2578 copta
711 2495 762 2558 Six
776 2497 904 2558 Saxones
920 2497 1001 2570 urba,

215 2617 290 2680 Eece
303 2617 392 2681 duccs
406 2617 557 2682 Britouum
571 2617 682 2680 collutis
695 2616 809 2679 sortiter
822 2617 910 2679 armis

216 2739 359 2802 invadunt
372 2740 493 2821 Angtos.
536 2739 666 2802 Adversa
680 2741 774 2802 nonu
788 2740 898 2802 resistit

217 2861 335 2924 ttostitis
348 2862 454 2925 rabies.
498 2862 569 2924 Post
583 2863 702 2924 muttum
717 2881 786 2924 vero
800 2863 911 2924 cruoris

215 2981 349 3062 Undique
362 2980 471 3057 diffusi,
487 2999 619 3064 campum
633 3000 749 3064 pagana
761 2981 926 3062 relinquunt

216 3102 350 3182 Agmina,
365 3101 536 3165 Cbristioote
550 3103 706 3184 pociuntur
719 3103 829 3165 bonore
841 3101 990 3184 triumphi.

216 3221 287 3285 tude
299 3221 355 3285 sibi
368 3223 500 3286 Britoues
515 3222 696 3300 Caduunum,
712 3242 835 3306 corporo
849 3241 994 3303 magnum,

217 3343 336 3406 Viribus
349 3343 531 3421 indomitum,
546 3344 718 3426 sapientem,
733 3348 828 3406 mente
842 3345 979 3420 ferocem,

216 3465 373 3529 Proficiunt
384 3485 494 3548 regem.
536 3467 636 3530 Nouus
651 3485 721 3548 ergo
733 3487 785 3530 rex
798 3467 942 3547 fugiemus

216 3589 324 3668 Augtos
337 3587 508 3669 insequitur,
525 3587 675 3650 Britonum
690 3588 890 3650 comitantibus
904 3588 999 3668 ipsum

216 3709 334 3773 Civibus
347 3709 515 3772 innumeris.
560 3711 643 3783 Quos
656 3729 720 3773 cum
735 3729 827 3793 prope
841 3710 921 3772 novit
934 3709 1048 3786 adesse,

215 3831 275 3896 Rex
289 3831 421 3893 Etirodus
435 3829 573 3892 velociter
587 3831 694 3894 excitat
707 3850 806 3894 omues

216 3953 375 4033 Angtorum
389 3969 490 4032 reges;
507 3970 563 4032 ope
578 3971 699 4032 quorum
713 3957 805 4028 tutus,
822 3952 850 4015 iu
865 3953 963 4014 hostes

216 4073 332 4150 Tendit,
349 4072 497 4156 dispositis
511 4074 612 4137 turmis
627 4075 777 4155 utriusque
791 4075 928 4136 cohortis.

218 4197 345 4261 Consilio
360 4215 513 4280 procerum
527 4197 672 4260 ducuntur
685 4197 722 4258 ad
737 4197 836 4258 oscuta
849 4197 928 4278 pacis
