<?xml version="1.0" encoding="UTF-8"?>
<!DOCTYPE html PUBLIC "-//W3C//DTD XHTML 1.0 Transitional//EN"
    "http://www.w3.org/TR/xhtml1/DTD/xhtml1-transitional.dtd">
<html xmlns="http://www.w3.org/1999/xhtml" xml:lang="en" lang="en">
 <head>
  <title>
</title>
<meta http-equiv="Content-Type" content="text/html;charset=utf-8" />
  <meta name='ocr-system' content='tesseract 3.04.00' />
  <meta name='ocr-capabilities' content='ocr_page ocr_carea ocr_par ocr_line ocrx_word'/>
</head>
<body>
  <div class='ocr_page' id='page_1' title='image "./gestaregumbrita00assogoog_0027.png"; bbox 0 0 3206 5134; ppageno 0'>
   <div class='ocr_carea' id='block_1_1' title="bbox 355 474 1124 576">
    <p class='ocr_par' dir='ltr' id='par_1_1' title="bbox 138 459 1124 576">
     <span class='ocr_line' id='line_1_1' title="bbox 355 474 1124 576; baseline 0.006 -26.68"><span class='ocrx_word' id='word_1_1' title='bbox 355 474 436 563; x_wconf 70' lang='lat' dir='ltr'><strong>lei!</strong></span> <span class='ocrx_word' id='word_1_2' title='bbox 647 508 752 558; x_wconf 82' lang='lat' dir='ltr'><strong>oesrr</strong></span> <span class='ocrx_word' id='word_1_3' title='bbox 774 511 889 556; x_wconf 81' lang='lat' dir='ltr'><strong>neuun</strong></span> <span class='ocrx_word' id='word_1_4' title='bbox 911 493 1124 576; x_wconf 66' lang='lat' dir='ltr'><strong>rnrrjsnnrn.</strong></span> 
     </span>
    </p>
   </div>
   <div class='ocr_carea' id='block_1_2' title="bbox 258 623 1157 1674">
    <p class='ocr_par' dir='ltr' id='par_1_2' title="bbox 375 623 961 702">
     <span class='ocr_line' id='line_1_2' title="bbox 375 623 961 702; baseline -0.01 -13"><span class='ocrx_word' id='word_1_5' title='bbox 375 625 506 698; x_wconf 74' lang='lat' dir='ltr'><strong>Qualiter</strong></span> <span class='ocrx_word' id='word_1_6' title='bbox 519 623 614 688; x_wconf 84' lang='lat' dir='ltr'><strong>emisit</strong></span> <span class='ocrx_word' id='word_1_7' title='bbox 626 623 723 687; x_wconf 81' lang='lat' dir='ltr'><strong>infelix</strong></span> <span class='ocrx_word' id='word_1_8' title='bbox 737 623 814 686; x_wconf 82' lang='lat' dir='ltr'><strong>notio</strong></span> <span class='ocrx_word' id='word_1_9' title='bbox 829 642 961 702; x_wconf 87' lang='lat' dir='ltr'><strong>regnum.</strong></span> 
     </span>
    </p>

    <p class='ocr_par' dir='ltr' id='par_1_3' title="bbox 373 743 1107 828">
     <span class='ocr_line' id='line_1_3' title="bbox 373 743 1107 828; baseline -0.005 -20"><span class='ocrx_word' id='word_1_10' title='bbox 373 746 434 810; x_wconf 89' lang='lat' dir='ltr'><strong>lliis</strong></span> <span class='ocrx_word' id='word_1_11' title='bbox 447 747 547 828; x_wconf 81' lang='lat' dir='ltr'>presul</span> <span class='ocrx_word' id='word_1_12' title='bbox 560 745 731 808; x_wconf 78' lang='lat' dir='ltr'><strong>venetensis</strong></span> <span class='ocrx_word' id='word_1_13' title='bbox 745 763 829 826; x_wconf 89' lang='lat' dir='ltr'><strong>opem</strong></span> <span class='ocrx_word' id='word_1_14' title='bbox 844 743 994 806; x_wconf 79' lang='lat' dir='ltr'><strong>conatibus</strong></span> <span class='ocrx_word' id='word_1_15' title='bbox 1007 743 1107 819; x_wconf 81' lang='lat' dir='ltr'><strong>addet,</strong></span> 
     </span>
    </p>

    <p class='ocr_par' dir='ltr' id='par_1_4' title="bbox 374 863 1001 949">
     <span class='ocr_line' id='line_1_4' title="bbox 374 863 1001 949; baseline -0.008 -20"><span class='ocrx_word' id='word_1_16' title='bbox 374 866 445 944; x_wconf 91' lang='lat' dir='ltr'><strong>Qui,</strong></span> <span class='ocrx_word' id='word_1_17' title='bbox 460 866 484 929; x_wconf 91' lang='lat' dir='ltr'><strong>si</strong></span> <span class='ocrx_word' id='word_1_18' title='bbox 498 871 566 949; x_wconf 86' lang='lat' dir='ltr'><strong>post</strong></span> <span class='ocrx_word' id='word_1_19' title='bbox 579 885 662 928; x_wconf 84' lang='lat' dir='ltr'><strong>sacre</strong></span> <span class='ocrx_word' id='word_1_20' title='bbox 676 866 825 946; x_wconf 85' lang='lat' dir='ltr'><strong>Scripture</strong></span> <span class='ocrx_word' id='word_1_21' title='bbox 839 865 926 940; x_wconf 83' lang='lat' dir='ltr'><strong>seria,</strong></span> <span class='ocrx_word' id='word_1_22' title='bbox 941 863 1001 925; x_wconf 92' lang='lat' dir='ltr'><strong>ludi</strong></span> 
     </span>
    </p>

    <p class='ocr_par' dir='ltr' id='par_1_5' title="bbox 372 983 1051 1066">
     <span class='ocr_line' id='line_1_5' title="bbox 372 983 1051 1066; baseline -0.007 -18"><span class='ocrx_word' id='word_1_23' title='bbox 372 987 518 1050; x_wconf 86' lang='lat' dir='ltr'><strong>Presentis</strong></span> <span class='ocrx_word' id='word_1_24' title='bbox 532 1005 647 1049; x_wconf 90' lang='lat' dir='ltr'><strong>cursum</strong></span> <span class='ocrx_word' id='word_1_25' title='bbox 661 1005 770 1047; x_wconf 83' lang='lat' dir='ltr'><strong>vacuus</strong></span> <span class='ocrx_word' id='word_1_26' title='bbox 784 985 968 1066; x_wconf 81' lang='lat' dir='ltr'><strong>spectaverit,</strong></span> <span class='ocrx_word' id='word_1_27' title='bbox 984 987 1013 1044; x_wconf 89' lang='lat' dir='ltr'><strong>et</strong></span> <span class='ocrx_word' id='word_1_28' title='bbox 1026 983 1051 1044; x_wconf 88' lang='lat' dir='ltr'><strong>si</strong></span> 
     </span>
    </p>

    <p class='ocr_par' dir='ltr' id='par_1_6' title="bbox 258 1105 1157 1310">
     <span class='ocr_line' id='line_1_6' title="bbox 372 1105 1157 1190; baseline -0.006 -20"><span class='ocrx_word' id='word_1_29' title='bbox 372 1107 557 1188; x_wconf 85' lang='lat' dir='ltr'><strong>Theumeque</strong></span> <span class='ocrx_word' id='word_1_30' title='bbox 571 1105 750 1190; x_wconf 86' lang='lat' dir='ltr'><strong>propositum</strong></span> <span class='ocrx_word' id='word_1_31' title='bbox 766 1111 956 1184; x_wconf 84' lang='lat' dir='ltr'><strong>consertaque</strong></span> <span class='ocrx_word' id='word_1_32' title='bbox 970 1105 1058 1166; x_wconf 86' lang='lat' dir='ltr'><strong>verbe</strong></span> <span class='ocrx_word' id='word_1_33' title='bbox 1071 1111 1157 1185; x_wconf 84' lang='lat' dir='ltr'><strong>poete</strong></span> 
     </span>
     <span class='ocr_line' id='line_1_7' title="bbox 258 1225 1092 1310; baseline -0.006 -19"><span class='ocrx_word' id='word_1_34' title='bbox 258 1301 261 1308; x_wconf 47' lang='grc'><em>,</em></span> <span class='ocrx_word' id='word_1_35' title='bbox 290 1243 292 1248; x_wconf 81' lang='grc'>’</span> <span class='ocrx_word' id='word_1_36' title='bbox 371 1228 563 1310; x_wconf 81' lang='lat' dir='ltr'><strong>Auctorisque</strong></span> <span class='ocrx_word' id='word_1_37' title='bbox 577 1227 673 1290; x_wconf 89' lang='lat' dir='ltr'><strong>stilum</strong></span> <span class='ocrx_word' id='word_1_38' title='bbox 687 1226 859 1302; x_wconf 80' lang='lat' dir='ltr'><strong>laudaverit,</strong></span> <span class='ocrx_word' id='word_1_39' title='bbox 875 1245 960 1288; x_wconf 90' lang='lat' dir='ltr'><strong>omne</strong></span> <span class='ocrx_word' id='word_1_40' title='bbox 973 1225 1092 1287; x_wconf 90' lang='lat' dir='ltr'><strong>timores</strong></span> 
     </span>
    </p>

    <p class='ocr_par' dir='ltr' id='par_1_7' title="bbox 371 1344 1044 1427">
     <span class='ocr_line' id='line_1_8' title="bbox 371 1344 1044 1427; baseline -0.007 -17"><span class='ocrx_word' id='word_1_41' title='bbox 371 1349 529 1412; x_wconf 82' lang='lat' dir='ltr'><strong>Excussum</strong></span> <span class='ocrx_word' id='word_1_42' title='bbox 542 1347 627 1410; x_wconf 89' lang='lat' dir='ltr'><strong>cedet</strong></span> <span class='ocrx_word' id='word_1_43' title='bbox 640 1351 739 1409; x_wconf 86' lang='lat' dir='ltr'><strong>nostro</strong></span> <span class='ocrx_word' id='word_1_44' title='bbox 754 1345 791 1408; x_wconf 90' lang='lat' dir='ltr'><strong>de</strong></span> <span class='ocrx_word' id='word_1_45' title='bbox 804 1349 923 1427; x_wconf 86' lang='lat' dir='ltr'><strong>pectore</strong></span> <span class='ocrx_word' id='word_1_46' title='bbox 935 1344 1044 1425; x_wconf 85' lang='lat' dir='ltr'><strong>frigus;</strong></span> 
     </span>
    </p>

    <p class='ocr_par' dir='ltr' id='par_1_8' title="bbox 371 1463 993 1544">
     <span class='ocr_line' id='line_1_9' title="bbox 371 1463 993 1544; baseline -0.01 -14"><span class='ocrx_word' id='word_1_47' title='bbox 371 1468 410 1530; x_wconf 82' lang='lat' dir='ltr'><strong>m</strong></span> <span class='ocrx_word' id='word_1_48' title='bbox 422 1467 447 1530; x_wconf 91' lang='lat' dir='ltr'><strong>si</strong></span> <span class='ocrx_word' id='word_1_49' title='bbox 460 1466 612 1530; x_wconf 87' lang='lat' dir='ltr'><strong>ridiculum</strong></span> <span class='ocrx_word' id='word_1_50' title='bbox 627 1467 672 1528; x_wconf 81' lang='lat' dir='ltr'><strong>vel</strong></span> <span class='ocrx_word' id='word_1_51' title='bbox 686 1463 788 1528; x_wconf 90' lang='lat' dir='ltr'><strong>inutile</strong></span> <span class='ocrx_word' id='word_1_52' title='bbox 802 1464 918 1540; x_wconf 88' lang='lat' dir='ltr'><strong>viderit,</strong></span> <span class='ocrx_word' id='word_1_53' title='bbox 934 1463 993 1544; x_wconf 87' lang='lat' dir='ltr'><strong>igni</strong></span> 
     </span>
    </p>

    <p class='ocr_par' dir='ltr' id='par_1_9' title="bbox 370 1588 1024 1674">
     <span class='ocr_line' id='line_1_10' title="bbox 370 1588 1024 1674; baseline -0.011 -18"><span class='ocrx_word' id='word_1_54' title='bbox 370 1592 523 1674; x_wconf 85' lang='lat' dir='ltr'><strong>Supponet</strong></span> <span class='ocrx_word' id='word_1_55' title='bbox 535 1594 639 1672; x_wconf 92' lang='lat' dir='ltr'><strong>totum,</strong></span> <span class='ocrx_word' id='word_1_56' title='bbox 655 1591 701 1654; x_wconf 83' lang='lat' dir='ltr'><strong>rel</strong></span> <span class='ocrx_word' id='word_1_57' title='bbox 714 1588 782 1651; x_wconf 87' lang='lat' dir='ltr'><strong>lime</strong></span> <span class='ocrx_word' id='word_1_58' title='bbox 795 1589 877 1652; x_wconf 85' lang='lat' dir='ltr'><strong>tollnt</strong></span> <span class='ocrx_word' id='word_1_59' title='bbox 891 1589 1024 1652; x_wconf 83' lang='lat' dir='ltr'><strong>ebusum.</strong></span> 
     </span>
    </p>
   </div>
   <div class='ocr_carea' id='block_1_3' title="bbox 364 1831 1392 4196">
    <p class='ocr_par' dir='ltr' id='par_1_10' title="bbox 364 1831 1392 4196">
     <span class='ocr_line' id='line_1_11' title="bbox 410 1831 1066 1912; baseline -0.006 -16"><span class='ocrx_word' id='word_1_60' title='bbox 410 1834 522 1896; x_wconf 88' lang='lat' dir='ltr'><strong>Brutus</strong></span> <span class='ocrx_word' id='word_1_61' title='bbox 537 1833 574 1894; x_wconf 85' lang='lat' dir='ltr'><strong>eb</strong></span> <span class='ocrx_word' id='word_1_62' title='bbox 590 1833 669 1896; x_wconf 75' lang='lat' dir='ltr'><strong>lineo</strong></span> <span class='ocrx_word' id='word_1_63' title='bbox 683 1836 816 1912; x_wconf 84' lang='lat' dir='ltr'><strong>quartus,</strong></span> <span class='ocrx_word' id='word_1_64' title='bbox 834 1850 882 1894; x_wconf 87' lang='lat' dir='ltr'><strong>ces</strong></span> <span class='ocrx_word' id='word_1_65' title='bbox 912 1831 1066 1912; x_wconf 75' lang='lat' dir='ltr'><strong>patricida,</strong></span> 
     </span>
     <span class='ocr_line' id='line_1_12' title="bbox 369 1951 1107 2032; baseline -0.004 -18"><span class='ocrx_word' id='word_1_66' title='bbox 369 1953 482 2016; x_wconf 85' lang='lat' dir='ltr'><strong>Exulet.</strong></span> <span class='ocrx_word' id='word_1_67' title='bbox 525 1952 634 2016; x_wconf 81' lang='lat' dir='ltr'><strong>lteliem</strong></span> <span class='ocrx_word' id='word_1_68' title='bbox 648 1952 774 2032; x_wconf 75' lang='lat' dir='ltr'><strong>fugiens,</strong></span> <span class='ocrx_word' id='word_1_69' title='bbox 790 1951 988 2014; x_wconf 85' lang='lat' dir='ltr'><strong>Laoedemonn</strong></span> <span class='ocrx_word' id='word_1_70' title='bbox 1002 1951 1107 2030; x_wconf 90' lang='lat' dir='ltr'><strong>querit.</strong></span> 
     </span>
     <span class='ocr_line' id='line_1_13' title="bbox 369 2071 1121 2154; baseline -0.003 -20"><span class='ocrx_word' id='word_1_71' title='bbox 369 2073 535 2135; x_wconf 85' lang='lat' dir='ltr'><strong>Pendresus</strong></span> <span class='ocrx_word' id='word_1_72' title='bbox 550 2078 595 2135; x_wconf 87' lang='lat' dir='ltr'><strong>est</strong></span> <span class='ocrx_word' id='word_1_73' title='bbox 607 2072 648 2134; x_wconf 91' lang='lat' dir='ltr'><strong>ibi</strong></span> <span class='ocrx_word' id='word_1_74' title='bbox 661 2093 722 2149; x_wconf 90' lang='lat' dir='ltr'><strong>rex,</strong></span> <span class='ocrx_word' id='word_1_75' title='bbox 739 2073 794 2135; x_wconf 88' lang='lat' dir='ltr'><strong>sub</strong></span> <span class='ocrx_word' id='word_1_76' title='bbox 808 2090 865 2152; x_wconf 93' lang='lat' dir='ltr'><strong>quo</strong></span> <span class='ocrx_word' id='word_1_77' title='bbox 882 2071 994 2154; x_wconf 75' lang='lat' dir='ltr'><strong>captive</strong></span> <span class='ocrx_word' id='word_1_78' title='bbox 1006 2076 1121 2134; x_wconf 83' lang='lat' dir='ltr'><strong>tenetur</strong></span> 
     </span>
     <span class='ocr_line' id='line_1_14' title="bbox 369 2191 1128 2273; baseline -0.001 -19"><span class='ocrx_word' id='word_1_79' title='bbox 369 2192 527 2273; x_wconf 77' lang='lat' dir='ltr'><strong>Progenies</strong></span> <span class='ocrx_word' id='word_1_80' title='bbox 541 2192 650 2269; x_wconf 86' lang='lat' dir='ltr'><strong>Heleni,</strong></span> <span class='ocrx_word' id='word_1_81' title='bbox 667 2211 751 2272; x_wconf 90' lang='lat' dir='ltr'><strong>quem</strong></span> <span class='ocrx_word' id='word_1_82' title='bbox 767 2211 831 2254; x_wconf 89' lang='lat' dir='ltr'><strong>cum</strong></span> <span class='ocrx_word' id='word_1_83' title='bbox 844 2192 941 2254; x_wconf 91' lang='lat' dir='ltr'><strong>multis</strong></span> <span class='ocrx_word' id='word_1_84' title='bbox 955 2191 1128 2271; x_wconf 83' lang='lat' dir='ltr'><strong>Frigiorum,</strong></span> 
     </span>
     <span class='ocr_line' id='line_1_15' title="bbox 370 2312 1103 2395; baseline -0.004 -20"><span class='ocrx_word' id='word_1_85' title='bbox 370 2313 440 2375; x_wconf 90' lang='lat' dir='ltr'><strong>Post</strong></span> <span class='ocrx_word' id='word_1_86' title='bbox 452 2313 562 2376; x_wconf 87' lang='lat' dir='ltr'><strong>cineres</strong></span> <span class='ocrx_word' id='word_1_87' title='bbox 577 2314 677 2394; x_wconf 87' lang='lat' dir='ltr'><strong>Troje,</strong></span> <span class='ocrx_word' id='word_1_88' title='bbox 693 2318 762 2395; x_wconf 92' lang='lat' dir='ltr'><strong>post</strong></span> <span class='ocrx_word' id='word_1_89' title='bbox 775 2313 872 2374; x_wconf 83' lang='lat' dir='ltr'><strong>diruto</strong></span> <span class='ocrx_word' id='word_1_90' title='bbox 884 2312 988 2388; x_wconf 86' lang='lat' dir='ltr'><strong>menia,</strong></span> <span class='ocrx_word' id='word_1_91' title='bbox 1006 2330 1103 2373; x_wconf 89' lang='lat' dir='ltr'><strong>secum</strong></span> 
     </span>
     <span class='ocr_line' id='line_1_16' title="bbox 369 2432 1038 2515; baseline -0.004 -20"><span class='ocrx_word' id='word_1_92' title='bbox 369 2433 496 2496; x_wconf 81' lang='lat' dir='ltr'><strong>Adduxit</strong></span> <span class='ocrx_word' id='word_1_93' title='bbox 510 2435 635 2515; x_wconf 81' lang='lat' dir='ltr'><strong>Pyrrus3</strong></span> <span class='ocrx_word' id='word_1_94' title='bbox 651 2438 772 2496; x_wconf 84' lang='lat' dir='ltr'><strong>mortem</strong></span> <span class='ocrx_word' id='word_1_95' title='bbox 786 2433 916 2514; x_wconf 81' lang='lat' dir='ltr'><strong>parentis</strong></span> <span class='ocrx_word' id='word_1_96' title='bbox 931 2432 960 2492; x_wconf 92' lang='lat' dir='ltr'><strong>in</strong></span> <span class='ocrx_word' id='word_1_97' title='bbox 974 2433 1038 2493; x_wconf 89' lang='lat' dir='ltr'><strong>illos</strong></span> 
     </span>
     <span class='ocr_line' id='line_1_17' title="bbox 368 2553 985 2638; baseline -0.003 -21"><span class='ocrx_word' id='word_1_98' title='bbox 368 2555 525 2632; x_wconf 87' lang='lat' dir='ltr'><strong>Ulciscens,</strong></span> <span class='ocrx_word' id='word_1_99' title='bbox 541 2559 643 2638; x_wconf 81' lang='lat' dir='ltr'><strong>coptos</strong></span> <span class='ocrx_word' id='word_1_100' title='bbox 656 2556 742 2636; x_wconf 88' lang='lat' dir='ltr'><strong>glebe</strong></span> <span class='ocrx_word' id='word_1_101' title='bbox 756 2555 865 2617; x_wconf 88' lang='lat' dir='ltr'><strong>servire</strong></span> <span class='ocrx_word' id='word_1_102' title='bbox 879 2553 985 2633; x_wconf 82' lang='lat' dir='ltr'><strong>coegit.</strong></span> 
     </span>
     <span class='ocr_line' id='line_1_18' title="bbox 367 2674 1034 2755; baseline -0.004 -18"><span class='ocrx_word' id='word_1_103' title='bbox 367 2675 478 2738; x_wconf 81' lang='lat' dir='ltr'><strong>Interea</strong></span> <span class='ocrx_word' id='word_1_104' title='bbox 492 2694 629 2738; x_wconf 89' lang='lat' dir='ltr'><strong>numerus</strong></span> <span class='ocrx_word' id='word_1_105' title='bbox 644 2695 794 2738; x_wconf 86' lang='lat' dir='ltr'><strong>servorum</strong></span> <span class='ocrx_word' id='word_1_106' title='bbox 808 2675 913 2737; x_wconf 85' lang='lat' dir='ltr'><strong>crescit</strong></span> <span class='ocrx_word' id='word_1_107' title='bbox 926 2675 955 2734; x_wconf 91' lang='lat' dir='ltr'><strong>in</strong></span> <span class='ocrx_word' id='word_1_108' title='bbox 970 2674 1034 2755; x_wconf 86' lang='lat' dir='ltr'><strong>ipse</strong></span> 
     </span>
     <span class='ocr_line' id='line_1_19' title="bbox 367 2792 1017 2876; baseline -0.002 -21"><span class='ocrx_word' id='word_1_109' title='bbox 367 2793 517 2856; x_wconf 81' lang='lat' dir='ltr'><strong>Anxietete</strong></span> <span class='ocrx_word' id='word_1_110' title='bbox 526 2793 603 2876; x_wconf 83' lang='lat' dir='ltr'><strong>jugi,</strong></span> <span class='ocrx_word' id='word_1_111' title='bbox 615 2794 739 2876; x_wconf 84' lang='lat' dir='ltr'><strong>jugique</strong></span> <span class='ocrx_word' id='word_1_112' title='bbox 753 2794 869 2868; x_wconf 81' lang='lat' dir='ltr'><strong>lobore3</strong></span> <span class='ocrx_word' id='word_1_113' title='bbox 884 2792 936 2855; x_wconf 90' lang='lat' dir='ltr'><strong>sed</strong></span> <span class='ocrx_word' id='word_1_114' title='bbox 951 2812 1017 2854; x_wconf 89' lang='lat' dir='ltr'><strong>ecce</strong></span> 
     </span>
     <span class='ocr_line' id='line_1_20' title="bbox 366 2913 1161 2995; baseline -0.004 -19"><span class='ocrx_word' id='word_1_115' title='bbox 366 2914 474 2976; x_wconf 90' lang='lat' dir='ltr'><strong>Brutus</strong></span> <span class='ocrx_word' id='word_1_116' title='bbox 488 2913 582 2990; x_wconf 76' lang='lat' dir='ltr'><strong>adest,</strong></span> <span class='ocrx_word' id='word_1_117' title='bbox 599 2914 726 2995; x_wconf 84' lang='lat' dir='ltr'><strong>sapiens,</strong></span> <span class='ocrx_word' id='word_1_118' title='bbox 743 2913 898 2987; x_wconf 80' lang='lat' dir='ltr'><strong>formosus,</strong></span> <span class='ocrx_word' id='word_1_119' title='bbox 913 2913 997 2974; x_wconf 82' lang='lat' dir='ltr'><strong>fortis</strong></span> <span class='ocrx_word' id='word_1_120' title='bbox 1012 2917 1041 2974; x_wconf 91' lang='lat' dir='ltr'><strong>et</strong></span> <span class='ocrx_word' id='word_1_121' title='bbox 1055 2913 1161 2990; x_wconf 80' lang='lat' dir='ltr'><strong>audax,</strong></span> 
     </span>
     <span class='ocr_line' id='line_1_21' title="bbox 369 3033 1310 3115; baseline 0.001 -20"><span class='ocrx_word' id='word_1_122' title='bbox 369 3033 463 3105; x_wconf 90' lang='lat' dir='ltr'><strong>Quem</strong></span> <span class='ocrx_word' id='word_1_123' title='bbox 476 3051 574 3114; x_wconf 90' lang='lat' dir='ltr'><strong>reges,</strong></span> <span class='ocrx_word' id='word_1_124' title='bbox 590 3053 674 3113; x_wconf 93' lang='lat' dir='ltr'><strong>quem</strong></span> <span class='ocrx_word' id='word_1_125' title='bbox 687 3034 773 3095; x_wconf 84' lang='lat' dir='ltr'><strong>turbe</strong></span> <span class='ocrx_word' id='word_1_126' title='bbox 788 3033 905 3110; x_wconf 92' lang='lat' dir='ltr'><strong>ducum,</strong></span> <span class='ocrx_word' id='word_1_127' title='bbox 922 3052 1006 3112; x_wconf 91' lang='lat' dir='ltr'><strong>quem</strong></span> <span class='ocrx_word' id='word_1_128' title='bbox 1021 3034 1138 3110; x_wconf 83' lang='lat' dir='ltr'><strong>lemine,</strong></span> <span class='ocrx_word' id='word_1_129' title='bbox 1157 3054 1241 3115; x_wconf 92' lang='lat' dir='ltr'><strong>quem</strong></span> <span class='ocrx_word' id='word_1_130' title='bbox 1257 3037 1310 3110; x_wconf 89' lang='lat' dir='ltr'><strong>vir,</strong></span> 
     </span>
     <span class='ocr_line' id='line_1_22' title="bbox 367 3152 1302 3236; baseline 0.002 -22"><span class='ocrx_word' id='word_1_131' title='bbox 367 3152 463 3225; x_wconf 90' lang='lat' dir='ltr'><strong>Quem</strong></span> <span class='ocrx_word' id='word_1_132' title='bbox 477 3152 567 3229; x_wconf 87' lang='lat' dir='ltr'><strong>dives,</strong></span> <span class='ocrx_word' id='word_1_133' title='bbox 584 3172 668 3232; x_wconf 85' lang='lat' dir='ltr'><strong>quem</strong></span> <span class='ocrx_word' id='word_1_134' title='bbox 681 3172 794 3235; x_wconf 81' lang='lat' dir='ltr'><strong>pauper</strong></span> <span class='ocrx_word' id='word_1_135' title='bbox 807 3155 916 3226; x_wconf 83' lang='lat' dir='ltr'><strong>nmont3</strong></span> <span class='ocrx_word' id='word_1_136' title='bbox 933 3153 1028 3234; x_wconf 87' lang='lat' dir='ltr'><strong>placet</strong></span> <span class='ocrx_word' id='word_1_137' title='bbox 1043 3154 1187 3216; x_wconf 91' lang='lat' dir='ltr'><strong>omnibus.</strong></span> <span class='ocrx_word' id='word_1_138' title='bbox 1231 3155 1302 3236; x_wconf 83' lang='lat' dir='ltr'><strong>Ejus</strong></span> 
     </span>
     <span class='ocr_line' id='line_1_23' title="bbox 367 3271 967 3354; baseline -0.002 -20"><span class='ocrx_word' id='word_1_139' title='bbox 367 3272 475 3334; x_wconf 81' lang='lat' dir='ltr'><strong>Audite</strong></span> <span class='ocrx_word' id='word_1_140' title='bbox 488 3274 574 3350; x_wconf 84' lang='lat' dir='ltr'><strong>ieme,</strong></span> <span class='ocrx_word' id='word_1_141' title='bbox 591 3271 698 3352; x_wconf 78' lang='lat' dir='ltr'><strong>gaudet</strong></span> <span class='ocrx_word' id='word_1_142' title='bbox 711 3272 828 3354; x_wconf 82' lang='lat' dir='ltr'><strong>captive</strong></span> <span class='ocrx_word' id='word_1_143' title='bbox 842 3276 967 3335; x_wconf 81' lang='lat' dir='ltr'><strong>caterve.</strong></span> 
     </span>
     <span class='ocr_line' id='line_1_24' title="bbox 366 3392 1102 3475; baseline 0.001 -19"><span class='ocrx_word' id='word_1_144' title='bbox 366 3393 452 3456; x_wconf 86' lang='lat' dir='ltr'><strong>Plebs</strong></span> <span class='ocrx_word' id='word_1_145' title='bbox 466 3393 555 3474; x_wconf 87' lang='lat' dir='ltr'><strong>igitur</strong></span> <span class='ocrx_word' id='word_1_146' title='bbox 569 3392 699 3475; x_wconf 84' lang='lat' dir='ltr'><strong>Trojene</strong></span> <span class='ocrx_word' id='word_1_147' title='bbox 712 3393 804 3456; x_wconf 86' lang='lat' dir='ltr'><strong>virum</strong></span> <span class='ocrx_word' id='word_1_148' title='bbox 818 3394 854 3456; x_wconf 88' lang='lat' dir='ltr'><strong>de</strong></span> <span class='ocrx_word' id='word_1_149' title='bbox 869 3394 976 3455; x_wconf 87' lang='lat' dir='ltr'><strong>semine</strong></span> <span class='ocrx_word' id='word_1_150' title='bbox 991 3398 1102 3457; x_wconf 89' lang='lat' dir='ltr'><strong>cretum</strong></span> 
     </span>
     <span class='ocr_line' id='line_1_25' title="bbox 366 3512 1120 3596; baseline 0.003 -20"><span class='ocrx_word' id='word_1_151' title='bbox 366 3513 527 3590; x_wconf 78' lang='lat' dir='ltr'><strong>Dardanio,</strong></span> <span class='ocrx_word' id='word_1_152' title='bbox 541 3512 624 3575; x_wconf 83' lang='lat' dir='ltr'><strong>flexis</strong></span> <span class='ocrx_word' id='word_1_153' title='bbox 638 3513 770 3594; x_wconf 89' lang='lat' dir='ltr'><strong>genibus,</strong></span> <span class='ocrx_word' id='word_1_154' title='bbox 786 3513 968 3594; x_wconf 84' lang='lat' dir='ltr'><strong>lacrimisque</strong></span> <span class='ocrx_word' id='word_1_155' title='bbox 981 3516 1120 3596; x_wconf 82' lang='lat' dir='ltr'><strong>profusis,</strong></span> 
     </span>
     <span class='ocr_line' id='line_1_26' title="bbox 365 3632 1155 3714; baseline 0.001 -18"><span class='ocrx_word' id='word_1_156' title='bbox 365 3633 504 3696; x_wconf 86' lang='lat' dir='ltr'><strong>Pessibus</strong></span> <span class='ocrx_word' id='word_1_157' title='bbox 518 3632 690 3714; x_wconf 81' lang='lat' dir='ltr'><strong>aggrediens</strong></span> <span class='ocrx_word' id='word_1_158' title='bbox 703 3632 821 3710; x_wconf 85' lang='lat' dir='ltr'><strong>timidis,</strong></span> <span class='ocrx_word' id='word_1_159' title='bbox 838 3633 880 3695; x_wconf 89' lang='lat' dir='ltr'><strong>sic</strong></span> <span class='ocrx_word' id='word_1_160' title='bbox 895 3635 988 3696; x_wconf 87' lang='lat' dir='ltr'><strong>Horse</strong></span> <span class='ocrx_word' id='word_1_161' title='bbox 1001 3637 1132 3714; x_wconf 85' lang='lat' dir='ltr'><strong>proletur</strong></span> <span class='ocrx_word' id='word_1_162' title='bbox 1148 3657 1155 3697; x_wconf 93' lang='lat'><strong>:</strong></span> 
     </span>
     <span class='ocr_line' id='line_1_27' title="bbox 366 3753 1392 3837; baseline 0.001 -20"><span class='ocrx_word' id='word_1_163' title='bbox 366 3753 521 3817; x_wconf 77' lang='lat' dir='ltr'><strong>“Dedecet</strong></span> <span class='ocrx_word' id='word_1_164' title='bbox 535 3755 674 3835; x_wconf 89' lang='lat' dir='ltr'><strong>ingenuos</strong></span> <span class='ocrx_word' id='word_1_165' title='bbox 688 3756 742 3817; x_wconf 90' lang='lat' dir='ltr'><strong>snb</strong></span> <span class='ocrx_word' id='word_1_166' title='bbox 756 3755 855 3834; x_wconf 92' lang='lat' dir='ltr'><strong>iniquo</strong></span> <span class='ocrx_word' id='word_1_167' title='bbox 869 3755 999 3837; x_wconf 89' lang='lat' dir='ltr'><strong>principe</strong></span> <span class='ocrx_word' id='word_1_168' title='bbox 1013 3756 1099 3818; x_wconf 83' lang='lat' dir='ltr'><strong>vitem</strong></span> <span class='ocrx_word' id='word_1_169' title='bbox 1365 3780 1392 3826; x_wconf 69' lang='lat' dir='ltr'><strong>so</strong></span> 
     </span>
     <span class='ocr_line' id='line_1_28' title="bbox 365 3873 1233 3956; baseline 0.001 -19"><span class='ocrx_word' id='word_1_170' title='bbox 365 3875 480 3937; x_wconf 87' lang='lat' dir='ltr'><strong>Ducere</strong></span> <span class='ocrx_word' id='word_1_171' title='bbox 494 3873 677 3954; x_wconf 89' lang='lat' dir='ltr'><strong>degenerem.</strong></span> <span class='ocrx_word' id='word_1_172' title='bbox 721 3874 825 3950; x_wconf 88' lang='lat' dir='ltr'><strong>Pudet,</strong></span> <span class='ocrx_word' id='word_1_173' title='bbox 842 3875 894 3937; x_wconf 85' lang='lat' dir='ltr'><strong>hul</strong></span> <span class='ocrx_word' id='word_1_174' title='bbox 911 3875 1003 3956; x_wconf 84' lang='lat' dir='ltr'><strong>pudet</strong></span> <span class='ocrx_word' id='word_1_175' title='bbox 1017 3896 1082 3938; x_wconf 90' lang='lat' dir='ltr'><strong>esse</strong></span> <span class='ocrx_word' id='word_1_176' title='bbox 1095 3881 1139 3938; x_wconf 88' lang='lat' dir='ltr'><strong>tot</strong></span> <span class='ocrx_word' id='word_1_177' title='bbox 1151 3877 1233 3938; x_wconf 86' lang='lat' dir='ltr'><strong>ermis</strong></span> 
     </span>
     <span class='ocr_line' id='line_1_29' title="bbox 365 3994 1157 4076; baseline 0 -18"><span class='ocrx_word' id='word_1_178' title='bbox 365 3995 427 4058; x_wconf 90' lang='lat' dir='ltr'><strong>Sub</strong></span> <span class='ocrx_word' id='word_1_179' title='bbox 441 3994 557 4058; x_wconf 89' lang='lat' dir='ltr'><strong>domino</strong></span> <span class='ocrx_word' id='word_1_180' title='bbox 572 3995 714 4058; x_wconf 88' lang='lat' dir='ltr'><strong>dominos.</strong></span> <span class='ocrx_word' id='word_1_181' title='bbox 759 3995 843 4058; x_wconf 87' lang='lat' dir='ltr'><strong>Servi</strong></span> <span class='ocrx_word' id='word_1_182' title='bbox 857 4015 956 4058; x_wconf 87' lang='lat' dir='ltr'><strong>sumus</strong></span> <span class='ocrx_word' id='word_1_183' title='bbox 970 4001 999 4057; x_wconf 92' lang='lat' dir='ltr'><strong>et</strong></span> <span class='ocrx_word' id='word_1_184' title='bbox 1012 3999 1157 4076; x_wconf 87' lang='lat' dir='ltr'><strong>generosi.</strong></span> 
     </span>
     <span class='ocr_line' id='line_1_30' title="bbox 364 4115 1053 4196; baseline 0.003 -19"><span class='ocrx_word' id='word_1_185' title='bbox 364 4117 441 4177; x_wconf 89' lang='lat' dir='ltr'><strong>Dum</strong></span> <span class='ocrx_word' id='word_1_186' title='bbox 455 4136 508 4178; x_wconf 88' lang='lat' dir='ltr'><strong>nos</strong></span> <span class='ocrx_word' id='word_1_187' title='bbox 523 4115 675 4191; x_wconf 84' lang='lat' dir='ltr'><strong>servimus,</strong></span> <span class='ocrx_word' id='word_1_188' title='bbox 691 4115 795 4196; x_wconf 83' lang='lat' dir='ltr'><strong>purtim</strong></span> <span class='ocrx_word' id='word_1_189' title='bbox 810 4116 918 4179; x_wconf 84' lang='lat' dir='ltr'><strong>servire</strong></span> <span class='ocrx_word' id='word_1_190' title='bbox 932 4115 1053 4192; x_wconf 68' lang='lat' dir='ltr'><strong>videris,</strong></span> 
     </span>
    </p>
   </div>
   <div class='ocr_carea' id='block_1_4' title="bbox 0 0 1608 5134">
    <p class='ocr_par' dir='ltr' id='par_1_11' title="bbox 0 0 1608 5134">
     <span class='ocr_line' id='line_1_31' title="bbox 0 0 1608 5134; baseline 0 3"><span class='ocrx_word' id='word_1_191' title='bbox 0 0 1608 5134; x_wconf 95' lang='lat' dir='ltr'><strong> </strong></span> 
     </span>
    </p>
   </div>
  </div>
 </body>
</html>
