3226 5168
321 498 377 560 llll
599 515 702 558 eesri
726 514 838 558 neuun
861 514 1072 558 nerrrnnra.

318 627 434 705 Terque
449 631 608 705 quaterque
621 625 712 685 lerum
728 622 825 703 gladio
839 623 916 686 terit.
960 625 1100 706 lmprimit
1114 645 1210 688 ensem

317 746 475 826 'terrigena
489 745 625 818 cerebrm
642 744 757 818 elamat,
773 743 861 819 cedit,
877 743 998 824 ingemit
1011 745 1076 826 ejus

317 867 352 926 El
366 865 492 948 trepidat
505 871 607 940 mater,
625 865 715 926 vetuit
729 863 831 926 vicinia
844 871 963 927 motum.

355 989 416 1050 tlex
430 987 519 1066 igitur
532 1006 652 1048 cernens
667 1005 772 1068 eorpus
787 1004 917 1067 exangue
928 987 1064 1070 jacentis,

316 1107 444 1168 Solvitur
458 1107 487 1168 in
503 1106 603 1182 risum,
620 1106 765 1186 sociisque
780 1108 962 1188 stupentibus
976 1108 1069 1188 iuquit
1087 1131 1092 1168 :
1286 1133 1346 1180 35⁸0

344 1230 419 1290 luter
432 1228 595 1308 terrigenas
610 1233 739 1290 monstro
754 1228 832 1308 quod
847 1229 962 1290 cernitis
977 1230 1033 1291 isto
1105 1237 1109 1246 '

314 1349 431 1408 Nullum
447 1346 579 1428 depressi
593 1347 789 1410 tusculencius
803 1367 879 1423 esse,
895 1348 998 1412 Ritone

315 1469 454 1548 Excepto,
470 1467 519 1548 qui
534 1467 664 1548 peliciem
680 1467 734 1528 sibi
749 1469 858 1530 fecerat
871 1474 952 1530 atrox

313 1589 353 1648 Ex
369 1587 467 1650 barbis
482 1607 583 1668 regum
601 1607 673 1667 quos
688 1587 872 1650 interiecerat
884 1589 959 1670 ipse.

313 1707 467 1770 Excoriare
480 1726 572 1769 meam
588 1707 705 1769 barbam
720 1707 788 1768 mibi
799 1707 902 1789 jussit,
917 1709 1035 1773 honoris

313 1831 438 1890 'l'urilum
452 1828 624 1910 promittens
638 1827 717 1908 qood
731 1847 793 1890 eam
807 1829 906 1892 barbis
920 1831 1039 1894 aliorum
1058 1885 1060 1890 .

313 1949 483 2012 Consertam
498 1969 638 2010 venereus
652 1949 681 2010 in
695 1968 807 2011 summa
821 1955 904 2031 parte
919 1953 1043 2026 locaret;

314 2069 443 2150 Cumque
457 2087 620 2130 recusarem
636 2068 707 2130 dare
721 2069 801 2149 quod
814 2070 979 2150 quaesiverat
993 2072 1051 2146 ille,

314 2189 439 2252 Ararim]
455 2194 551 2251 monte
565 2189 758 2252 commisimus
772 2191 855 2252 ambo
870 2191 1007 2254 duellum.

314 2311 408 2382 Quem
423 2311 532 2386 domui,
548 2310 692 2390 mortique
706 2309 785 2372 dedi.
800 2310 815 2334 ''
856 2311 950 2394 Caput
964 2333 1034 2394 ergo
1048 2317 1186 2397 gygantis
1284 2340 1343 2384 soso

314 2434 463 2512 Amputat,
480 2437 510 2494 et
523 2450 620 2493 secum
634 2436 771 2512 repetens
785 2431 911 2494 tentoria
924 2435 1071 2496 transfert.

312 2551 480 2614 Castrorum
494 2556 604 2613 turmas
618 2551 739 2626 inducit,
756 2569 843 2613 causa
855 2551 972 2614 videndi

312 2671 434 2733 Exiciale
449 2675 551 2752 caput;
568 2677 598 2734 et
612 2671 729 2751 dignum
745 2672 872 2734 carmine
886 2671 1004 2735 laudum

311 2791 460 2853 Extollunt
473 2810 582 2870 regem,
600 2791 648 2872 qui
666 2796 723 2852 tam
739 2791 870 2854 mirabile
883 2799 1043 2856 monstrum

311 2910 434 2984 Devicit,
452 2910 587 2990 civesque
601 2931 669 2972 suos
684 2931 701 2972 a
715 2917 798 2993 peste
812 2912 943 2975 redemit.

350 3033 388 3092 nt
401 3049 451 3091 rex
467 3030 644 3106 Amerinus,
661 3049 747 3110 quem
762 3033 856 3112 neptis
868 3033 925 3094 tata
942 3035 1104 3110 molestant,

310 3149 467 3212 Ecclesiam
483 3148 581 3212 condit
595 3149 663 3224 illic,
680 3149 728 3212 ubi
744 3151 826 3230 virgo
841 3154 955 3234 sepulta

310 3271 361 3332 Est
375 3271 493 3345 Helene,
510 3270 710 3349 Tumbamque
724 3271 846 3334 Helenes
856 3271 943 3354 jubet
957 3275 1003 3336 illo
1018 3278 1113 3338 vocari

307 3390 413 3452 Montis
429 3388 604 3467 congeriem,
620 3409 676 3468 que
691 3389 732 3452 sie
746 3411 822 3454 nune
837 3412 928 3473 usque
944 3404 1075 3458 vocatur.

308 3510 378 3573 ludo
391 3509 467 3572 celer
482 3529 532 3570 ren
547 3516 641 3572 eastra
657 3530 775 3574 movens
790 3513 925 3593 producit
939 3515 974 3577 nd
991 3519 1092 3580 Albam
1280 3545 1340 3590 που

308 3631 475 3691 lunumeras
489 3629 577 3704 acies,
594 3629 651 3690 illic
666 3633 791 3694 tentoria
804 3631 914 3708 tendit;

306 3749 379 3811 Nam
395 3768 488 3830 prope
502 3751 646 3812 Romanos
661 3749 737 3812 cives
752 3772 805 3814 sua
819 3759 914 3817 castra
928 3758 1040 3821 locasse

306 3871 392 3932 Fama
406 3871 509 3946 relert3
526 3871 579 3933 sed
593 3891 643 3932 rex
657 3871 783 3934 inmotus
798 3875 885 3937 mittit
899 3879 937 3940 ad
952 3878 1017 3942 illos

306 3991 380 4052 Tres
394 4010 542 4072 proceres,
558 4012 680 4072 quorum
695 3999 764 4056 sunt
777 3997 891 4060 nomina
906 4021 912 4059 ε
931 4001 1018 4078 Boso,
1036 4002 1175 4079 Gerinns,

307 4109 511 4192 Galganusqna
525 4133 615 4194 nepos
630 4115 718 4194 regis,
733 4117 782 4196 qui
797 4118 864 4180 talia
880 4120 977 4182 dieunt
998 4144 1003 4182 :
