3206 5134
351 493 391 556 ‘28
632 507 737 554 orara
759 509 873 554 aaron
895 509 1106 555 narranaam.

352 623 378 683 N
381 641 413 683 eo
426 639 517 697 mora,
533 619 627 702 carpit
639 619 710 696 iter;
727 619 802 700 pelil
814 639 915 700 equor,
932 619 1048 701 navigat
1061 619 1144 698 inde;

353 741 465 821 Vixque
479 739 536 802 duo
551 739 725 802 comitantur
739 759 815 817 eum,
832 740 937 820 quibus
950 740 997 802 ille
1011 741 1140 823 profusis

354 861 403 924 Sic
416 862 493 924 latur
506 861 631 924 menimis
648 883 654 922 :
671 859 686 886 “
699 863 725 925 0
741 879 826 942 quam
840 865 904 922 rata
917 861 995 922 saria
1008 861 1069 937 lati,

355 983 421 1056 Qua
435 999 518 1044 nemo
532 1000 668 1044 revocare
681 985 791 1064 potestl
835 981 909 1053 Quis
921 981 1053 1044 crederet
1066 1001 1192 1062 unquam

353 1106 462 1184 Regem
476 1103 658 1166 mendicum?
699 1103 851 1166 Contraria
865 1109 933 1166 snut
946 1103 976 1165 ia
991 1103 1092 1166 eodem
1110 1123 1117 1162 :

354 1225 479 1306 Pauper,
495 1243 561 1300 rex;
578 1223 607 1284 in
622 1241 668 1286 me
681 1223 859 1285 concordant
871 1223 925 1284 hee
939 1222 998 1286 duo
1013 1224 1092 1299 solo;

355 1345 414 1406 Neo
428 1363 473 1406 me
485 1347 545 1405 lam
559 1341 688 1424 graviter
701 1343 817 1426 pondua
830 1343 936 1425 premit
948 1343 1065 1420 esuriei,

356 1466 450 1537 Quam
464 1464 591 1546 graviter
605 1463 716 1526 oruoiat
727 1464 861 1544 repetitio
876 1463 1044 1526 diviciarum

356 1587 436 1657 Quas
450 1585 548 1646 habui.
591 1583 688 1646 lliuus
701 1584 779 1646 huno
792 1583 865 1646 ledit
877 1585 1027 1664 leviusque
1041 1585 1176 1647 molestat

354 1703 535 1786 paupertatis
549 1705 643 1766 honus
657 1702 707 1785 qui
722 1723 836 1785 semper
850 1703 919 1766 viril
930 1723 1050 1784 egenus,

356 1825 450 1896 Quam
465 1824 514 1904 qui
529 1823 682 1900 mendicat,
698 1824 792 1886 lactus
807 1823 843 1886 de
858 1823 946 1886 divite
959 1843 1081 1906 pauper.

356 1947 459 2006 Hostes
474 1964 547 2026 quos
563 1943 672 2022 domui,
689 1945 759 2008 dum
773 1947 827 2008 sub
842 1965 886 2008 me
901 1945 1017 2027 preside
1032 1950 1091 2007 lota

354 2067 449 2129 lnsula
462 2068 595 2149 polleret,
611 2087 657 2130 me
671 2066 805 2130 deridere
816 2068 962 2150 jacentem

354 2180 436 2256 Vidi;
453 2199 526 2261 quas
540 2180 628 2242 habui
642 2199 723 2242 caras
737 2180 850 2262 locique
863 2187 996 2263 potentes

356 2302 453 2380 Terga
468 2299 575 2362 dedere
589 2299 669 2375 nihi,
685 2305 838 2382 postquam
853 2301 962 2364 ravulia
976 2303 1061 2385 sugit.

356 2421 504 2502 Eloquium
520 2420 646 2484 Cordille
660 2441 737 2483 nuno
751 2421 876 2503 denique
890 2423 967 2486 sensi

355 2544 426 2605 Esse
439 2547 544 2612 ratum,
561 2542 694 2622 quoniam
710 2547 817 2623 quanta
831 2548 875 2605 est
889 2543 1037 2624 possessio
1050 2565 1158 2622 rmum,

356 2663 450 2724 Tanta
463 2661 535 2723 fides
550 2662 707 2739 hominum,
724 2667 804 2724 tauta
818 2667 862 2724 est
876 2663 991 2725 dilectio
1006 2664 1114 2726 cordis.

355 2785 391 2846 Et
405 2783 475 2864 quid
490 2783 546 2845 erit
558 2788 672 2866 tempus
686 2784 715 2845 in
731 2804 788 2864 quo
802 2785 929 2847 Fortuna
939 2803 1056 2848 reversa

356 2905 500 2967 Restiluet
512 2903 580 2966 mihi
593 2904 677 2985 regni
687 2905 768 2988 jura,
784 2905 912 2986 meisque
925 2906 1081 2989 rependam

356 3025 469 3087 Premia
483 3024 650 3107 provinciis,
665 3031 699 3088 ul
712 3026 760 3106 qui
775 3045 820 3088 me
836 3027 944 3110 [nosse]
960 3034 1102 3109 negarunt

355 3147 448 3209 Nosse
460 3163 574 3226 negem,
590 3146 639 3226 qui
651 3166 697 3209 me
711 3152 882 3228 spreverunt
896 3167 1032 3230 spernere
1046 3149 1173 3232 possim?
1185 3151 1199 3176 ''

357 3269 470 3330 Interea
482 3266 574 3342 navia,
590 3267 666 3330 lelioi
680 3268 793 3330 connita
806 3274 904 3346 vento,

356 3381 458 3443 Evolat
470 3380 508 3443 ad
524 3379 635 3444 Gallos.
680 3381 838 3444 Carnolum
852 3403 904 3446 rex
918 3389 994 3460 eral3
1010 3385 1068 3447 illic

356 3503 530 3564 Francorum
545 3502 648 3584 regina
661 3509 770 3581 manel;
788 3505 901 3585 legatus
915 3506 954 3568 ad
966 3505 1043 3569 illam

356 3623 473 3699 Tendit,
490 3623 539 3704 qui
553 3623 645 3706 patris
658 3625 811 3687 adventum
828 3627 947 3690 nunciat
959 3627 1008 3690 illi.

355 3747 417 3808 Rex
431 3749 511 3806 erlra
523 3765 622 3808 malros
636 3751 769 3829 expectat
782 3747 869 3810 eorde
883 3749 1027 3812 trementi.

356 3867 393 3928 at
406 3865 490 3928 simul
503 3865 656 3928 adventum
672 3867 729 3929 cari
744 3868 845 3948 regina
860 3870 990 3950 parentis

355 3987 453 4064 Novit,
470 3992 498 4050 el
512 3994 656 4066 eventum,
673 3989 750 4052 eadit
763 4009 861 4053 amens
875 3995 905 4052 et
917 3991 968 4054 llet
981 4011 1088 4070 amare,

355 4111 537 4192 Massamque
551 4110 662 4194 urgenti
677 4109 795 4176 tradens
809 4111 929 4192 aurique
944 4111 1049 4190 clienti,
