3226 5168
371 492 427 554 170
647 505 752 550 cassi
774 506 887 550 neuun
911 507 1120 552 narvinnin.

369 619 515 682 londonie
529 625 623 702 porte,
639 618 830 702 rapidumque
843 623 956 699 spectat
969 617 1006 680 ad
1022 621 1168 682 lluslruvn.

370 741 560 824 Quadrnpadi
576 741 698 824 pedibus
713 743 842 804 subdunt
857 740 886 802 in
901 740 1010 802 horrore
1024 739 1099 802 beati

369 863 482 925 Martini
497 863 601 926 iactam
615 861 776 938 eeclesiam,
792 866 930 942 certoque
945 860 1092 923 rolcrrdavn

369 984 526 1064 llssignanl
539 982 608 1046 clari
624 1002 742 1046 numero
757 1002 822 1045 eum
836 981 905 1044 doto
919 985 1038 1058 statuta,

370 1105 428 1177 Qui
443 1123 649 1186 prorogasse
664 1104 831 1184 cunctisque
847 1103 980 1166 fidelibus
995 1108 1058 1166 orel

369 1226 439 1304 lllic,
456 1232 485 1290 et
498 1229 622 1291 celebret
636 1246 720 1290 suero
734 1227 903 1308 sollempnia
916 1226 1013 1290 misse.

409 1348 591 1411 Conveniunt
604 1349 693 1430 igitur
707 1348 744 1411 de
757 1347 840 1429 regni
856 1347 987 1430 partibus
1002 1365 1101 1410 omnes

368 1468 450 1530 Sacri
465 1467 628 1550 pontifices,
645 1488 740 1549 rages,
757 1469 865 1550 aliique
878 1473 1023 1551 polentes,

370 1587 414 1652 nd
429 1589 657 1666 Cadualadrum;
674 1594 755 1652 lanto
770 1589 925 1651 succedero
939 1587 1014 1670 patri

370 1710 549 1790 Condignam
564 1711 692 1773 sobolem
708 1711 847 1773 decorant
860 1709 1021 1774 diademata
1035 1709 1129 1789 regni.

370 1834 429 1896 llex
443 1851 535 1894 novus
551 1849 634 1911 ergo,
650 1831 714 1892 Deo
729 1832 861 1908 devotus,
876 1830 993 1894 mitibus
1007 1849 1100 1910 agnus

370 1951 565 2031 Accensisque
578 1953 636 2028 leo,
652 1951 790 2032 quociens
804 1951 941 2014 irascitur
956 1951 1008 2027 ira,

369 2074 434 2135 Neu
449 2072 574 2134 donatur
588 2073 630 2148 ei;
647 2071 699 2134 sed
714 2091 776 2134 eam
791 2071 834 2134 sic
848 2076 1001 2153 inruperat,
1017 2076 1119 2134 utnon

368 2195 382 2254 l
387 2191 512 2254 odicium
528 2193 631 2255 mantis
646 2196 793 2274 pervertat
807 2193 851 2254 vel
865 2193 1020 2267 racionem,

370 2315 405 2376 Et
419 2331 527 2375 memor
541 2312 603 2395 ipae
618 2311 662 2374 sni
676 2312 801 2393 generis,
819 2311 884 2392 quia
899 2312 1027 2374 moribus
1042 2317 1139 2392 auget.

370 2439 499 2499 Saxones
514 2433 650 2516 excludit,
667 2439 754 2497 novat
768 2433 865 2516 opida,
882 2435 1000 2496 roborat
1014 2435 1110 2510 urbes,

370 2560 495 2622 Tutatur
508 2576 641 2638 regnum,
654 2557 753 2640 justos
767 2561 855 2633 amat,
871 2557 932 2618 odil
946 2557 1072 2638 iniquos,

369 2671 518 2734 lastiniam
532 2676 639 2746 servat,
654 2671 753 2732 hostes
766 2674 895 2746 enervat,
909 2671 1015 2732 amieos

369 2795 461 2870 Ditat,
477 2793 607 2856 defendit
622 2792 748 2869 viduam,
764 2797 907 2856 sustentat
921 2811 1039 2872 egenos,

371 2913 556 2996 supplicibus
570 2913 678 2997 parcit;
695 2914 749 2976 illis
764 2933 817 2976 sua
830 2932 899 2976 rura
911 2913 1044 2989 resarcit,

372 3036 454 3108 Quos
468 3036 572 3118 quibus
586 3037 673 3098 effera
686 3055 758 3116 gens
771 3041 880 3098 novare
894 3034 1070 3116 spoliaverat
1083 3035 1160 3098 olim.

299 3149 302 3160 '
370 3161 439 3234 Pax,
456 3157 504 3220 illo
519 3163 670 3237 regnante,
685 3157 765 3238 viget
777 3161 822 3219 tar
837 3161 960 3237 quatuor
974 3157 1071 3232 annis;

371 3280 430 3342 Sed
445 3280 511 3361 qvvia
524 3281 602 3342 nulla
615 3279 664 3342 diu
679 3284 736 3342 stat
749 3279 831 3342 firma
845 3279 979 3360 potencia
994 3298 1101 3355 rerum,

372 3403 453 3474 Quas
467 3420 564 3463 seeum
578 3402 706 3465 Fortuna
719 3401 817 3477 trahil,
834 3420 889 3482 que
902 3420 1017 3482 semper
1030 3400 1058 3462 in
1073 3401 1143 3463 orbe

371 3521 514 3599 Volvitur,
529 3527 558 3584 et
571 3541 716 3602 nonquam
731 3525 789 3583 siat
802 3526 881 3583 cerlo
896 3523 1095 3597 roborante,

370 3643 505 3708 Publicus
520 3663 587 3706 ecce
601 3643 684 3706 dolor
698 3648 726 3706 et
740 3643 856 3726 publiea
869 3663 958 3707 causa
971 3645 1110 3708 malorum
1127 3666 1133 3705 :

370 3769 431 3834 Rex
444 3763 604 3829 infirmatus
619 3765 756 3829 diuturna
769 3767 850 3829 febre
863 3771 988 3830 tenetur.

372 3887 440 3954 lnde
454 3886 487 3948 lit
500 3893 533 3950 nt
545 3887 690 3965 Britones,
706 3887 799 3950 civilia
811 3889 886 3950 bella
901 3892 1058 3964 moventes,

371 4012 401 4076 ln
417 4009 494 4072 cives
508 4012 651 4091 urbesque
665 4015 764 4089 ruunt,
779 4011 807 4074 in
822 4030 890 4073 rura
904 4029 1030 4108 suosque

371 4133 532 4199 Ruricolas.
575 4132 652 4196 Nulli
667 4133 788 4215 prodest
800 4133 944 4198 munimen
958 4131 1036 4209 asili;
