3206 5134
361 505 400 568 on
437 543 443 550 -
638 523 745 568 nrsra
767 523 880 569 aaron
902 525 1117 571 narranaam.

361 635 427 708 Quo
441 653 493 697 vos
506 632 657 712 innodant,
674 635 822 697 obstantes
837 635 957 696 sternite
971 655 1079 698 muros.
1094 634 1109 660 ”

360 756 448 818 Plura
461 756 627 836 loqutnrum
643 755 798 838 probibent
811 775 955 836 vocesque
969 759 1107 838 tubeque,

359 877 395 938 Et
408 879 527 958 clangor
540 877 653 940 lituum.
698 878 800 938 'lotam
815 877 951 940 velociter
965 879 1063 940 urbem

359 998 530 1076 Circueunt3
543 999 659 1082 jaciunt
672 997 793 1062 Romani
808 999 877 1081 pila,
891 999 1023 1062 Britanni

358 1122 444 1198 Tela;
461 1122 633 1202 sagittarum
648 1121 744 1186 nimbo
758 1121 792 1184 lit
806 1121 921 1184 nubilus
935 1141 997 1184 ner.

283 1261 293 1278 ·
358 1241 420 1304 Neo
433 1243 586 1323 magouelli
600 1242 715 1320 desunt,
732 1262 785 1305 neo
800 1242 931 1306 machina
944 1242 1023 1305 belli.

358 1362 473 1426 Diversi
486 1363 601 1444 generis
615 1369 737 1426 mortem
751 1363 857 1426 balista
869 1362 1020 1445 propinat;

359 1483 452 1566 Talpa
465 1484 538 1548 fodit
551 1504 660 1563 muros,
676 1503 749 1566 quos
764 1485 865 1547 crebro
880 1485 1013 1547 verberat
1025 1483 1095 1562 ictu,

358 1605 555 1688 Dissolvitque
569 1626 662 1669 arces.
706 1606 785 1669 Laoii
798 1607 837 1669 nil
851 1605 1045 1688 proficientes,

357 1727 478 1809 Jamque
492 1730 591 1792 urbem
606 1733 730 1811 captam,
743 1729 805 1812 jam
819 1729 915 1790 menia
927 1733 1018 1791 strala
1033 1729 1173 1806 videntes,

359 1847 494 1928 Ignorant
508 1849 579 1929 quid
593 1849 634 1912 eis
648 1848 686 1911 sit
699 1847 857 1930 agendum
875 1848 998 1928 denique
1012 1855 1137 1930 poseant

358 1967 471 2050 lndigui
487 1970 609 2032 reniam.
654 1969 748 2043 Quam
762 1969 831 2032 dum
846 1975 980 2052 poscunt,
991 1970 1147 2048 Veuedoli‚

358 2091 501 2153 intrantes
515 2093 626 2170 urbem,
643 2092 748 2173 gladiis
761 2093 905 2155 ultoribus
919 2111 1018 2154 omnes

358 2211 503 2276 Obsessos
516 2213 672 2296 perimunt,
689 2213 760 2276 otiu
774 2233 877 2296 ompne
891 2213 1032 2278 cadavera
1042 2214 1165 2296 jactant.

397 2334 510 2398 luterea
523 2334 631 2398 Cbristi
643 2335 769 2397 laniante
783 2335 961 2398 Diocletiano

355 2455 493 2534 Membra,
508 2458 569 2520 lere
583 2457 663 2520 Petri
678 2457 758 2520 navis
772 2457 969 2538 submergitur
982 2457 1057 2520 inlra

356 2576 482 2642 Occeaui
497 2581 664 2656 claustrum,
681 2599 766 2660 quam
782 2581 887 2643 Lucius
901 2585 988 2660 atque
1001 2599 1140 2659 sequaces

355 2697 426 2781 Ejus
439 2701 626 2764 reddiderant
639 2701 668 2763 in
682 2721 781 2765 eorum
794 2707 924 2784 tempure
938 2707 1040 2764 tollam.

356 2821 436 2884 lllius
450 2822 602 2905 imperium
617 2829 735 2887 cunetas
749 2843 822 2904 quas
835 2824 930 2886 insula
944 2829 1058 2886 sanctas

354 2940 496 3004 Ecclesias
510 2943 622 3020 babuit,
639 2945 781 3006 subvertit
794 2943 993 3020 Maximianus,

355 3063 577 3146 scripturasque
590 3085 687 3128 sacras
702 3067 813 3148 positas
828 3067 986 3128 combussit
998 3065 1027 3127 in
1042 3065 1120 3146 igne,

354 3185 389 3246 El
403 3191 495 3248 totum
509 3187 590 3268 regui
605 3189 712 3250 clerum
726 3188 923 3270 populumque
937 3187 1051 3250 fidelem

356 3307 487 3383 Occidit;
504 3309 576 3391 petit
589 3308 654 3391 ipsa
667 3314 763 3372 lamen
777 3329 846 3392 pars
860 3309 974 3390 dignior
988 3315 1076 3372 astra.

356 3427 481 3493 Gutture
495 3431 650 3507 suffocans,
666 3431 810 3493 homiuem
825 3451 881 3494 non
897 3432 1018 3492 suffocat
1032 3431 1110 3492 illum

356 3551 414 3623 Qui
427 3551 505 3632 viget
517 3552 648 3616 internis.
692 3553 848 3615 Paeiuntur
861 3572 986 3634 corpora
998 3573 1099 3634 penus,

353 3672 476 3734 Nomina
489 3677 653 3736 sanctorum
667 3673 767 3737 vivunt
780 3673 809 3735 in
825 3693 896 3755 pace
911 3675 1065 3755 perhenni;

355 3794 428 3857 Cum
443 3795 547 3875 quibus
562 3795 699 3869 Albanus,
716 3797 812 3858 Aaron
828 3797 974 3872 altoltus,
990 3797 1071 3859 urbis

353 3915 479 3978 Preulari
493 3915 570 3978 cives
585 3917 755 3996 Legionem,
771 3937 894 3998 corpora
909 3919 986 3979 lerro

353 4033 389 4096 Et
402 4035 470 4098 celis
484 4036 591 4099 animas
606 4037 772 4112 reddentes,
788 4057 857 4099 ense
871 4039 987 4119 tyranni

353 4159 532 4242 Supplicium
547 4159 636 4241 passi,
652 4160 750 4223 celesti
765 4178 837 4240 pace
851 4161 995 4222 fruuntur.
