3226 5168
371 484 426 546 tot
646 499 750 544 resen
772 499 885 543 recen
907 498 1116 544 nnrrnsnrn.

368 615 558 690 Londouism,
573 614 648 693 tugis
661 613 819 674 Eboracum
835 613 1006 694 perterritus
1020 614 1101 676 ulter.

368 741 451 812 Quos
465 758 515 800 rex
529 735 690 818 insequitur
703 741 734 799 et
747 755 797 798 eos
813 735 947 798 interficit
960 735 1033 798 iutra

367 859 522 936 Ecclesiae,
538 858 667 938 aliosque
681 877 750 920 suos
764 856 936 920 exterminat
949 857 1058 920 hostes.

368 979 437 1042 lude
452 979 545 1044 tribus
559 997 681 1059 regnum
695 977 770 1042 rexit
782 979 904 1042 feliciter
917 978 1009 1042 anuis.

367 1107 443 1166 Ense
457 1103 570 1186 nepotis
586 1102 647 1164 obit
660 1101 782 1180 Coneni,
798 1103 847 1183 qni
862 1107 956 1164 tamen
970 1101 1011 1164 illi

367 1225 519 1302 Succedit;
533 1224 648 1306 juvenis
662 1223 733 1288 mire
747 1223 910 1306 probitatis,
928 1223 956 1285 in
970 1222 1035 1305 ipso

368 1347 499 1430 Subjecti
513 1347 618 1427 dignus
633 1347 715 1426 regni
729 1345 903 1422 diademate,
919 1344 943 1407 si
958 1365 1015 1408 nou

368 1466 437 1526 Esse
452 1463 597 1526 videretur
610 1461 678 1524 belli
692 1461 784 1524 civilis
797 1465 922 1536 amotor3

367 1585 440 1647 Nero
456 1583 636 1647 Constantini
650 1584 778 1659 tratrem,
792 1581 839 1663 qui
854 1581 1002 1664 proximus
1016 1582 1056 1644 illi

368 1709 437 1770 Post
450 1707 515 1790 ejus
530 1711 650 1770 mortem
665 1704 820 1768 succedere
834 1705 943 1781 debuit,
960 1723 1029 1766 ense

368 1827 516 1904 interimit,
532 1845 696 1910 parvosque
710 1825 784 1892 duos
798 1845 871 1906 qnos
885 1825 932 1888 ille
945 1831 1069 1902 crearet,

368 1949 546 2030 Desistitqne
561 1967 636 2010 anno
651 1947 732 2028 regni
747 1966 868 2028 regnare
882 1947 1020 2010 seeundo.

408 2071 585 2151 Vortiporus
600 2069 730 2132 succedit
744 2069 781 2144 ei,
795 2089 879 2150 quom
895 2071 1025 2133 Saxones
1038 2071 1125 2133 armis

370 2195 525 2270 lulestent;
541 2193 594 2254 sed
608 2212 658 2254 eos
673 2192 808 2254 eliminat.
854 2192 923 2254 lnde
938 2193 1033 2273 quiete

370 2317 444 2377 l'nce
457 2315 514 2378 lrui
528 2315 661 2378 Britones
676 2320 815 2397 ceperunt
829 2319 953 2395 quatuor
966 2315 1059 2377 aunis.

370 2415 451 2517 llege
463 2437 532 2499 dato
546 2437 613 2499 letis
626 2438 733 2518 Malgo,
751 2437 881 2498 succedit
894 2437 987 2498 eidem

370 2560 525 2622 Detlensor
537 2559 642 2641 patrie,
657 2561 756 2639 largus
769 2559 864 2635 dator,
880 2559 1011 2622 hostibus
1026 2561 1129 2636 bostis,

371 2685 431 2747 Ore
447 2681 565 2757 decens,
581 2681 716 2742 membris
730 2682 877 2756 robustos,
894 2700 1017 2763 corpore
1031 2703 1167 2764 magnum

371 2803 429 2865 Sed
443 2807 538 2863 tomen
551 2801 603 2862 has
618 2821 716 2863 omnes
731 2801 852 2864 virtutes
867 2802 951 2864 unica
963 2802 1043 2864 labes

372 2921 535 2984 Adnichilat
548 2921 675 3003 penitus,
691 2922 776 3005 cnjus
791 2922 917 2984 narretio
932 2941 1017 2986 nares

372 3042 502 3106 Offendit
514 3043 642 3118 Domini,
658 3047 847 3124 penetratque
861 3043 898 3105 ed
912 3043 1010 3107 sidera
1022 3045 1108 3108 fetor.

372 3164 430 3238 Qui
444 3165 529 3227 simul
545 3164 669 3229 Ocoeani
684 3163 832 3246 superavit
845 3181 894 3226 sex
908 3166 1052 3246 regiones,

371 3281 416 3342 Dc
430 3279 523 3340 medio
538 3280 668 3341 sublatus
682 3279 742 3340 adit
757 3280 800 3340 vel
814 3279 938 3342 culmina
952 3281 1017 3356 celi,

371 3400 425 3462 Vct
439 3399 524 3462 sedes
540 3399 655 3476 llerebi,
671 3400 832 3462 mediumve
846 3399 925 3480 qnod
939 3401 1035 3464 omnia
1050 3407 1168 3484 purget,

373 3520 438 3592 Qne
452 3519 553 3602 recipit
567 3518 745 3601 proprioque
759 3519 822 3580 loeo
837 3523 961 3600 purgate
974 3520 1104 3582 remittit.

413 3640 482 3705 lnde
497 3639 553 3701 sibi
567 3639 654 3702 sumit
667 3639 801 3702 diadema
815 3640 963 3717 Cocceius,
980 3641 1071 3704 bostis

371 3759 500 3838 iusticie,
516 3759 608 3842 patrie
622 3761 787 3844 populator,
804 3765 916 3823 ametor
929 3761 1045 3843 iniquus

331 3917 333 3922 ·
371 3881 521 3962 Nequicie,
538 3881 620 3943 venie
633 3885 824 3964 contemptor,
839 3881 937 3962 segnis
950 3882 978 3944 in
992 3883 1091 3946 hostes

373 4005 461 4082 loque
475 4020 544 4063 suos
559 4019 656 4079 serus,
673 4001 765 4064 civilia
778 4002 871 4086 prelia
883 4007 1015 4084 captans.

373 4124 440 4200 Quo
454 4126 594 4203 regnante
608 4121 684 4185 veuit
697 4141 748 4184 rex
763 4121 899 4200 bitricus,
913 4123 1136 4206 innumerasque
