3272 5188
289 489 332 553 14
601 504 679 554 rna
705 505 813 555 naso
839 505 887 556 or
913 505 1101 556 nonosu:

284 664 446 739 technico
470 665 525 739 for
547 665 614 740 the
636 666 785 766 general
803 667 896 743 form
914 668 956 742 of
976 666 1212 767 Glamorgan,
1231 667 1353 741 which
1380 667 1426 740 he
1497 732 1501 743 s

283 764 405 840 likens
428 775 469 840 to
492 793 515 840 a
540 767 707 866 porpoise
729 767 767 840 in
786 767 853 842 the
870 779 932 843 act
954 768 996 842 of
1016 767 1170 868 diving:
1190 767 1344 843 “Roath
1370 795 1425 842 re·

284 877 454 965 presente
488 867 539 941 its
572 867 715 956 mouth,
752 869 921 968 Ruperra
962 869 1013 943 its
1047 869 1258 968 prominent
1300 879 1424 956 snout,

285 967 599 1067 BlaenRhymny
622 969 696 1042 and
715 968 1091 1044 Waun-cac-Gerwin
1118 970 1168 1044 its
1195 969 1316 1044 dorsal
1341 969 1424 1058 fias,
1500 989 1501 992 ’

283 1066 351 1142 the
368 1068 563 1167 peninsula
579 1069 621 1142 of
641 1069 775 1143 Gower
800 1071 850 1144 its
876 1070 1135 1146 outstretched
1160 1070 1239 1159 tall,
1258 1071 1333 1145 and
1358 1070 1426 1144 the

284 1167 469 1243 Hundred
487 1168 528 1242 of
541 1169 658 1244 Dinas
676 1170 797 1244 Powis
816 1171 865 1245 its
883 1171 1128 1270 protuberent
1145 1171 1277 1270 belly.'’
1329 1171 1425 1270 Hig-

283 1267 367 1357 den,
399 1269 551 1368 writing
580 1270 619 1344 in
645 1270 712 1344 the
739 1271 955 1346 fourtecnth
985 1281 1153 1372 century,
1178 1272 1338 1347 extends
1367 1271 1425 1346 his

282 1370 481 1470 panegyrio
498 1381 540 1446 to
556 1370 623 1446 the
641 1370 759 1446 whole
778 1373 1030 1472 Principality.

618 1505 693 1564 “Sic
706 1526 829 1584 propero
842 1509 881 1566 ad
896 1509 1032 1566 Walliam

643 1586 689 1644 Ad
704 1587 812 1645 Priami
828 1591 1000 1666 prosapiam,

644 1667 690 1724 Ad
705 1669 803 1744 Magni
816 1671 899 1728 Jovis
913 1672 1084 1746 sauguinem

643 1748 689 1806 Ad
704 1750 833 1808 Dardani
848 1753 1023 1828 progeniem⁴

696 1831 714 1868 ο
796 1833 814 1870 s
897 1833 915 1868 ι
997 1833 1015 1867 s

617 1913 634 1942 ‘⁴
645 1910 734 1968 Terra
748 1912 891 1970 foecunda
904 1912 1050 1972 fructibus

644 1993 684 2048 Et
697 1993 833 2050 carnibus
847 2001 877 2052 et
892 1994 1039 2070 piscibus;

645 2072 828 2142 Domesticis,
843 2076 1035 2144 silvestribus,

644 2153 751 2226 Robur,
766 2157 858 2230 equis,
874 2163 904 2214 et
918 2156 1041 2229 ovibus;

642 2234 722 2309 Apta
735 2237 849 2294 cunctis
862 2239 1031 2311 seminibus,

643 2314 764 2386 Culmis,
779 2319 875 2392 spicis,
889 2320 1084 2394 graminibus;

643 2395 739 2466 Arvis,
754 2399 856 2473 pratis,
871 2400 1047 2472 nemoribus,

645 2476 752 2534 Herbis
765 2479 884 2554 gaudet,
899 2487 929 2537 et
943 2480 1082 2554 floribus3

642 2557 827 2616 Fluminibus
837 2567 866 2618 et
881 2561 1020 2634 fontibus,

642 2638 830 2697 Convallibus
844 2648 874 2699 et
888 2645 1044 2702 montibus

643 2719 796 2778 Convelles
807 2729 923 2796 pastum
939 2725 1100 2798 proferunt,

642 2799 757 2858 Montes
772 2802 891 2860 metalla
904 2805 1078 2877 conferunt;

644 2881 738 2938 Carbo
752 2882 808 2939 sub
821 2889 907 2942 terrae
921 2887 1037 2957 cortice,

642 2961 754 3019 Crescit
768 2963 846 3020 viror
860 2965 890 3021 in
905 2967 1013 3024 vertice
1026 2987 1035 3039 3

642 3041 758 3099 Caloem
773 3061 825 3120 per
838 3047 910 3103 artis
922 3048 1040 3122 regulas

644 3122 759 3181 Praebet
772 3124 810 3182 ad
823 3127 905 3196 tecti,
919 3129 1043 3204 tegulas.

644 3203 806 3279 Epularum
821 3209 942 3264 materia

645 3283 713 3355 Mel,
728 3285 782 3348 lac.
797 3293 828 3344 ct
839 3287 994 3360 lacticinia,

642 3364 781 3439 Mulsum,
797 3367 891 3440 medo,
906 3371 1035 3443 cervisia,

644 3445 805 3505 Abundant
819 3450 848 3504 in
864 3448 918 3508 hac
932 3453 1036 3526 patria,

643 3527 684 3584 Et
696 3528 834 3604 quicquid
847 3531 917 3588 vita
929 3534 1064 3608 congmit

645 3607 779 3666 Ubertim
796 3616 876 3668 terra
889 3612 1004 3672 tribuit.

693 3691 711 3728 s
792 3693 810 3728 s
893 3693 912 3731 s
995 3693 1014 3730 s

615 3767 803 3828 “Convictus
817 3771 906 3848 hujus
919 3775 1023 3849 patriae

644 3849 750 3908 Differt
765 3870 782 3908 a
795 3853 856 3910 ritu
870 3853 994 3929 Angliae,
1009 3899 1011 3902 .

645 3929 681 3988 In
695 3932 827 3991 vestibus
840 3934 871 3990 in
887 3935 1020 4006 victibus,

643 4011 679 4068 In
693 4013 806 4070 catoris
819 4032 905 4088 quam
921 4015 1063 4091 pluribus,

645 4092 701 4151 His
716 4095 841 4152 restium
856 4097 982 4172 insignia

644 4174 722 4232 Sunt
735 4175 836 4233 clamis
849 4183 879 4233 et
893 4178 1020 4250 camisia,

646 4253 686 4311 Et
699 4256 794 4332 crispa
807 4257 962 4316 femoralia

645 4335 707 4392 Sub
720 4337 817 4394 ventis
830 4343 860 4394 et
874 4338 929 4395 sub
943 4338 1051 4414 pluvia,

644 4415 734 4474 Plura
746 4436 804 4475 non
819 4419 919 4476 serunt
932 4421 1063 4494 tegmina

644 4496 784 4569 Quamvis
798 4499 964 4559 brumescat
978 4501 1077 4560 Borea

692 4579 710 4618 s
791 4580 809 4616 ο
893 4581 911 4618 s
994 4583 1012 4620 s
