3226 5168
389 503 446 566 ltu
667 517 772 562 oesrn
795 517 907 561 aeona
930 517 1142 562 anurnnnnn.

386 633 474 694 Arma
487 630 572 712 polit,
589 629 783 712 dampnatqne
799 648 904 703 morae,
921 629 1084 706 bellumque
1098 629 1219 708 requirit

387 751 515 814 Vocibus
530 756 560 812 et
574 749 662 828 votis3
676 749 739 832 jam
753 748 880 811 nondum
894 753 986 810 marte
1000 749 1132 822 subacto,

385 873 410 933 N
414 891 450 934 on
465 871 555 934 eciam
570 874 668 952 eepto,
683 869 808 932 victores
822 887 888 932 esse
901 867 1045 932 videntur.

386 991 499 1056 Insidiis
513 991 602 1072 igitur
616 991 772 1072 compertis
787 989 894 1052 Lucius
908 988 982 1064 istis,

384 1113 431 1174 Nil
445 1132 519 1196 opus
533 1131 598 1174 esso
611 1111 680 1192 luga
693 1109 748 1172 sibi
762 1108 896 1184 credens,
913 1115 1052 1171 convocat
1065 1111 1103 1172 ad
1117 1129 1149 1172 se

385 1235 581 1315 llortuturque
594 1252 664 1296 suos
678 1235 707 1294 et
722 1230 791 1294 talia
805 1231 893 1292 verba
907 1231 1039 1312 profatur
1056 1252 1063 1291 ε

385 1355 400 1380 “
413 1357 439 1420 0
452 1374 589 1438 proceres
603 1353 708 1434 quibus
723 1357 768 1414 est
781 1354 911 1415 Romana
924 1351 1058 1434 potencia
1072 1357 1156 1416 emet

386 1478 528 1552 Obsecro,
545 1479 707 1537 vestrorum
720 1492 862 1540 memores
878 1477 970 1536 estote
984 1477 1148 1553 parentum,

387 1597 495 1669 Qudne
509 1597 670 1660 Romanurn
684 1615 752 1657 sevo
767 1595 972 1658 snbournberet
985 1594 1061 1656 hosti

384 1716 550 1798 Imperium,
565 1714 715 1797 proprium
729 1713 846 1776 minime
859 1733 982 1776 renuere
996 1731 1127 1778 eruorem

384 1837 533 1912 Fundere;
550 1842 578 1898 el
594 1836 755 1918 exemplum
769 1835 921 1918 probitatis
935 1835 1098 1916 posteritati

383 1959 470 2020 Forte
484 1956 692 2037 relinquentes,
709 1956 827 2017 Romam
841 1953 896 2016 sibi
911 1975 1100 2038 proposuere,

385 2078 492 2160 Sepius
506 2076 614 2140 assueti
629 2095 715 2156 quam
729 2077 803 2138 vinei
817 2077 941 2154 vincere,
958 2083 1089 2140 nostrum

383 2199 435 2260 ins
449 2200 687 2277 augmentarent3
704 2215 826 2276 quorum
841 2197 1016 2278 Respublica
1028 2217 1143 2280 semper

386 2316 513 2380 Consilio
528 2317 628 2398 erevit,
644 2337 765 2396 quorum
779 2317 884 2378 virtute
900 2316 1023 2389 Quirino

385 2437 526 2500 Subditus
540 2437 660 2519 imperio
674 2437 764 2498 servit
777 2437 994 2517 quadrangulus
1009 2438 1097 2500 orbis.

384 2561 446 2622 Vos
460 2560 549 2642 igitur
561 2579 676 2636 moneo,
692 2579 744 2622 vos
758 2559 911 2642 deprecor,
927 2564 1012 2622 aneta
1025 2565 1177 2642 parentum

386 2681 536 2762 Sanguine
548 2685 709 2744 vestrorum
723 2680 868 2743 defendite
878 2681 963 2762 jma;
981 2681 1095 2754 Quirini

385 2801 525 2864 Culminis
539 2806 568 2864 et
581 2801 715 2863 Britones
728 2801 856 2864 inuadite
870 2801 982 2864 vindice
995 2804 1084 2878 ferro,

387 2923 444 2994 Qui
459 2923 512 2984 soli
527 2927 656 2986 nostrum
671 2923 708 2985 de
722 2925 834 2987 eunetis
847 2943 921 3005 qnos
933 2925 1021 2987 babet
1033 2926 1112 2988 orbis

384 3045 489 3105 Ereola
504 3043 616 3106 oeruioe
629 3047 735 3106 statum
751 3049 918 3126 pervertere
932 3051 1045 3108 curant.
1058 3047 1073 3072 ”

384 3163 440 3226 Vix
454 3163 538 3225 dietis
553 3163 638 3226 linem
652 3163 851 3228 rodomacum
866 3168 951 3229 turba
964 3171 1082 3229 senatus

384 3285 420 3345 Et
434 3302 547 3363 regum,
563 3288 701 3364 cetusque
716 3284 832 3361 ducum,
849 3305 1059 3369 procerumque
1073 3291 1219 3367 cohortes,

383 3404 512 3466 iurando
527 3404 628 3467 dieunt
642 3407 718 3486 qnod
733 3407 855 3488 pristina
865 3407 936 3490 jura
949 3413 1063 3471 tuentes

384 3526 470 3588 Urbis
484 3527 623 3590 Romuleo
637 3545 693 3607 qne
708 3528 760 3590 toti
775 3530 903 3610 presidet
917 3533 990 3607 orbi,

384 3647 449 3708 Non
464 3652 593 3710 metuent
606 3653 727 3710 mortem
740 3651 892 3713 subeundo
906 3651 1030 3733 perdere
1043 3653 1145 3728 vilam3

384 3769 518 3831 Attamen
532 3769 563 3830 in
577 3771 657 3832 vultu
672 3774 729 3834 tam
744 3771 884 3854 principis
898 3773 954 3835 ista
964 3773 1094 3855 jubentis

385 3889 478 3960 Quam
493 3889 717 3970 promittendum
732 3890 813 3954 bruna
825 3893 879 3954 boc
892 3893 1036 3975 promissa
1049 3899 1210 3977 potentum,

383 4013 428 4072 llo
442 4009 518 4072 facili
532 4011 628 4092 potuit
642 4011 709 4074 belli
724 4033 793 4095 pars
807 4013 882 4075 victe
895 4015 1000 4076 notari.

383 4133 519 4197 Protinus
533 4139 680 4198 armantur
694 4156 804 4214 omnes,
819 4139 978 4218 urbemque
991 4139 1166 4220 relinquunt,
