3272 5188
692 527 836 575 tourtJS.

360 647 475 713 rgmm,
490 644 581 712 ibique
593 643 667 698 locat
678 642 778 710 uulgus
792 642 898 697 inorme
912 656 1022 696 senum.

323 743 460 797 Convocat
472 741 632 805 Assaracus,
647 753 748 794 nemus
760 743 871 807 ccupat,
886 736 973 792 ardua
986 737 1097 804 lustrat,

358 839 479 906 Cumque
492 851 577 891 manu
593 835 681 892 ualida
693 835 772 890 deuia
786 835 856 890 colla
867 834 935 890 adit.

323 1027 440 1082 Mittitur
451 1027 486 1080 ad
499 1041 604 1094 regem,
620 1027 725 1096 petitur
737 1039 801 1094 pax,
815 1025 885 1078 liber
897 1024 973 1079 abire

357 1123 426 1178 Tros
438 1128 526 1190 rogat,
541 1127 590 1177 aut
603 1123 694 1177 valeat
707 1122 808 1190 degere
820 1121 890 1176 liber
905 1121 951 1176 ibi.

323 1218 479 1274 Pandraeus
490 1232 557 1286 ergo
571 1218 648 1282 furit,
663 1221 757 1285 stupet
769 1215 865 1284 Argos,
880 1215 915 1270 ad
927 1230 1006 1270 arma
1019 1215 1141 1272 Bicenos

358 1317 500 1380 Provocat,
515 1315 600 1382 inque
613 1313 725 1381 Phriges
738 1313 809 1368 sevit
821 1312 924 1367 Achiva
938 1313 1048 1368 cohors.

323 1415 460 1469 Convocat
472 1414 500 1466 in
512 1417 607 1468 cetum
620 1425 759 1481 proceres,
776 1411 922 1466 temeraria
934 1409 1009 1464 Bruti

358 1511 440 1566 Facta
452 1510 547 1576 refert,
562 1509 628 1578 quid
639 1513 704 1577 agat
716 1509 847 1574 consulit,
861 1521 941 1562 arma
954 1507 1038 1576 capit,

321 1608 419 1674 Deiigit
430 1611 562 1672 armatoS,
578 1607 632 1662 iter
643 1606 749 1675 arripit,
763 1619 779 1658 a
791 1605 928 1674 Sparitino

357 1703 439 1758 Britit
450 1702 562 1772 opidulo
575 1717 641 1758 cum
652 1702 722 1757 duce
736 1701 816 1756 turba
830 1701 975 1768 Phrigum3

323 1801 400 1868 Legit
412 1802 440 1855 in
453 1814 583 1856 occasum
598 1800 704 1868 Phrigio
718 1800 770 1854 tria
783 1801 859 1854 milia
870 1800 963 1869 pubis.

357 1896 480 1950 Briiiunt
491 1897 575 1950 uariis
588 1896 745 1964 exspectata
757 1895 859 1950 modis.

322 1991 424 2046 Brutus
436 2005 539 2060 equum
552 1989 687 2056 stimulat,
702 1991 793 2046 socios
805 1995 895 2055 vocat,
910 1990 1035 2060 increpat
1046 1991 1144 2060 Argos.

358 2087 422 2142 Tela
432 2087 509 2156 jacit,
524 2086 613 2153 gladio
626 2085 764 2150 fulminat,
780 2099 828 2140 ore
843 2091 931 2152 tonat,

321 2181 441 2251 Occupat
453 2181 576 2250 prudens
588 2189 714 2235 armatus
726 2181 849 2236 inermes
863 2181 1000 2244 incautos,

359 2278 492 2332 Providus
505 2279 626 2346 ignaros,
640 2282 769 2347 promtus
782 2276 816 2330 ad
829 2291 907 2331 arma
919 2277 1021 2346 pigros.

323 2469 364 2524 Fit
374 2469 448 2536 ruga,
465 2467 613 2536 oinugium
625 2467 718 2532 Danai,
732 2466 848 2536 Trojano
858 2466 990 2536 juventus

357 2565 525 2632 Insequitur,
541 2563 617 2617 Bruti
629 2577 685 2616 non
698 2567 778 2617 vacat
790 2575 856 2616 ense
869 2575 979 2616 uranus·

322 2661 388 2716 Pars
400 2660 542 2728 aquitonis
553 2659 632 2726 aqtais
644 2658 820 2724 inmergitur,
835 2671 902 2712 ense
915 2663 1032 2712 cruento

357 2758 422 2812 Pars
435 2755 517 2822 cadit,
532 2756 650 2810 incurrit
660 2754 754 2808 Martis
766 2755 897 2822 utrinque
910 2768 1009 2821 genus.

321 2856 417 2910 Obuiat
429 2855 584 2922 Antigonus
596 2853 777 2920 tugientibus,
792 2859 820 2906 et
832 2852 971 2918 rugientes

356 2951 533 3007 convocatio
547 2955 664 3014 turmas,
678 2949 711 3002 tlt
722 2963 833 3016 quoque
848 2963 940 3017 pugna
954 2963 1061 3004 reeens.

322 3044 390 3111 Quid
402 3049 515 3101 morari
529 3045 583 3100 idei
597 3045 715 3112 tugiunt,
731 3042 894 3098 ferientiBus
908 3044 972 3110 Argi

357 3145 428 3198 Dant
443 3157 494 3197 sua
507 3142 587 3208 cotta,
600 3141 665 3195 beat
678 3153 772 3209 pugna
784 3138 907 3194 secunda
924 3139 1048 3206 Phrigos.

321 3331 465 3386 Dardanus
477 3329 594 3394 exultat,
609 3327 683 3384 cadit
696 3327 795 3392 hostie,
809 3323 866 3381 dux
879 3325 1029 3382 Anactetus

357 3427 437 3482 Bucit
449 3431 478 3481 et
489 3426 673 3492 Antigonum
688 3429 781 3478 cetera
793 3422 874 3477 turha
886 3423 970 3492 jacet.

321 3526 419 3581 infelix
432 3524 516 3578 Bruto
529 3523 615 3577 cessit
626 3521 750 3586 victoria,
765 3519 851 3588 preda

357 3619 469 3684 Nobilis,
484 3618 530 3671 hio
542 3617 617 3684 regis
629 3616 728 3681 tratum
744 3623 774 3669 at
785 3615 832 3668 illo
843 3628 939 3670 comes

320 3717 423 3787 Oppida
435 3716 556 3770 muniuit
568 3719 651 3780 terre,
665 3727 765 3768 nemus
778 3717 888 3781 ccupat,
903 3713 989 3768 ardua
1002 3713 1103 3769 lustrat

356 3815 473 3878 Funera,
489 3809 604 3879 captiuis
617 3822 695 3878 spem
710 3807 758 3862 dat
770 3808 846 3863 abire
860 3809 927 3864 suis.

321 3907 478 3964 Pandrasus
490 3919 556 3973 ergo
569 3904 646 3970 iurit,
663 3903 753 3973 pudor
765 3904 822 3957 urit
833 3916 909 3968 eum,
922 3903 1001 3958 dolor
1013 3905 1100 3973 angit.

356 4007 406 4060 Hic
421 4005 473 4060 sibi
485 4003 619 4071 captivos,
635 4001 720 4055 obicit
732 3999 778 4054 itte
790 3999 895 4066 sugam.

321 4103 417 4158 Grecio
432 4106 490 4154 tota
503 4113 586 4154 nuum
599 4097 685 4152 decus
697 4096 838 4164 exprimit,
851 4093 951 4164 oppida
965 4097 1041 4152 Bruti

355 4197 475 4262 uisitur,
491 4195 574 4265 inque
589 4193 663 4250 vices
676 4193 794 4262 impetit,
810 4191 965 4260 impetitur.
