3206 5134
362 501 401 560 60
639 517 745 561 nasae
767 517 879 560 uaeuu
902 518 1115 564 narrantum.

361 628 574 708 Magnanimum
590 629 750 706 sortemque
764 632 859 688 tamen
874 629 1000 690 Fortuna
1014 629 1134 706 levarit3

361 751 433 811 Nam
449 749 675 810 circumveniens
689 749 822 811 simulato
837 749 925 812 eorde
939 756 1082 827 senatum,

361 869 500 951 Impetrat
514 873 546 930 nt
560 869 710 931 Britonum
725 868 797 931 fines
812 875 841 930 et
855 869 938 932 litora
954 875 1015 932 tnta

362 988 476 1052 Reddat
489 989 525 1049 ab
540 988 657 1051 incursu
672 987 887 1068 vicinorumque
900 989 1013 1071 rapina.

361 1112 528 1191 Congregat
540 1110 705 1172 innumeras
719 1129 818 1186 naras,
835 1111 926 1172 sociat
940 1112 994 1174 sibi
1008 1114 1089 1193 regui

361 1233 474 1294 Eiectos
485 1232 620 1314 juvenes,
637 1237 666 1293 et
680 1233 755 1293 bella
769 1232 889 1314 piratica
904 1238 965 1294 toto

360 1355 481 1416 Exercet
494 1356 610 1436 pelago,
625 1353 776 1432 vicinaque
790 1355 889 1416 littora
904 1363 1008 1432 vastat,

361 1476 397 1536 Et
410 1478 471 1536 ioca
486 1474 618 1537 litoribus
632 1473 819 1535 contermina.
861 1475 948 1536 Natta
962 1495 1069 1557 pavore

363 1599 422 1658 Axe
438 1597 491 1659 sub
506 1596 628 1658 occiduo
643 1600 733 1670 caret,
750 1595 843 1658 insula
856 1596 933 1658 nulla
948 1601 1021 1660 tueri

361 1719 433 1801 Ejus
446 1720 482 1780 ab
497 1701 613 1780 incursu
628 1737 660 1778 se
674 1716 793 1792 suffieit;
810 1718 908 1798 opida,
926 1720 1016 1794 vitias,

361 1842 464 1914 Urbes,
481 1859 550 1900 rura
564 1838 624 1900 suis
639 1837 742 1918 opibus
757 1837 873 1917 spoliat,
890 1841 1048 1921 spoliisque

362 1961 596 2042 Cenopoliateres
611 1959 694 2034 ditat,
710 1957 843 2037 ditesque
858 1961 975 2041 manipli

362 2081 485 2142 trivitant
498 2081 569 2141 alios
584 2097 704 2160 quorum
720 2097 799 2140 mens
813 2099 860 2140 res
875 2081 984 2142 alienas

360 2203 509 2284 Usurpare
523 2201 577 2262 sibi
591 2205 651 2274 est3
668 2205 711 2261 tot
725 2201 812 2262 habet
827 2206 976 2281 tantasque
992 2205 1160 2284 phalanges,

363 2324 450 2396 Quod
464 2327 584 2386 cunctos
599 2341 739 2403 superans
753 2324 885 2404 superari
900 2343 915 2384 a
931 2325 1044 2386 nemine
1058 2328 1160 2406 possit.

361 2446 412 2506 Est
425 2443 464 2506 iili
479 2463 582 2506 nomen
598 2443 755 2504 Carausius
770 2444 885 2505 inclitus
900 2445 982 2506 actis.

361 2565 430 2628 lude
444 2569 535 2627 tumet
548 2565 695 2642 fastusque
709 2564 796 2644 parit,
812 2565 978 2645 sociumque
991 2572 1107 2629 recusat

360 2689 441 2750 Mens
456 2688 531 2748 elata
544 2685 610 2760 riri,
627 2705 694 2765 que,
711 2686 829 2765 originis
844 2686 993 2749 immemor
1006 2688 1083 2750 unde

360 2807 471 2868 Eristat
485 2811 580 2882 natus,
598 2805 635 2868 ad
648 2806 731 2885 regui
745 2807 857 2868 cutmen
873 2808 997 2868 anhelat.

360 2929 480 3008 Jamque
494 2929 571 2989 leues
583 2927 694 2989 animos
708 2928 858 2989 Britonum
873 2929 1044 3011 corrumpit,
1061 2934 1093 2992 ut
1108 2931 1202 3012 ipsum

361 3049 515 3110 Instituant
528 3066 637 3128 regam,
653 3048 776 3110 Basiano
790 3068 859 3128 rege
874 3056 1036 3132 perempte.

343 3250 346 3258 Ι
361 3171 491 3232 tntrusus
505 3175 618 3249 regnat,
634 3191 666 3232 se
680 3189 800 3250 regnum
814 3191 883 3250 rege
898 3174 1093 3253 prophanans.

361 3292 426 3363 Qua
441 3291 525 3353 simul
539 3292 656 3371 agnovit
669 3294 814 3356 Romanus
828 3301 911 3372 gesta
926 3301 1054 3370 senatus,

360 3414 493 3475 Destinat
507 3414 659 3490 Allectum,
676 3415 856 3477 committens
871 3421 931 3478 tres
946 3418 1076 3498 legiones

361 3534 413 3610 tui,
430 3535 478 3613 qui
493 3538 613 3596 mortem
628 3535 744 3596 Basiani
758 3543 850 3599 morte
865 3540 980 3618 tyranni

359 3655 503 3731 Vindicet,
520 3660 549 3716 et
563 3657 663 3732 Rome,
681 3657 776 3737 posita
790 3658 916 3734 feritate,
934 3659 1087 3724 Britannos

359 3777 512 3853 Restituat‚
528 3777 662 3857 cogitque
676 3783 758 3842 vetus
771 3784 902 3862 prestare
917 3782 1065 3844 tributum.

300 3943 305 3954 ·
359 3899 428 3965 inde
442 3901 657 3976 Britannorum,
673 3901 788 3962 laetanti
803 3903 897 3963 sevior
910 3923 988 3980 ursa,

359 4021 505 4083 invehitur
518 4023 652 4103 populos,
669 4022 815 4085 obstantes
830 4023 1050 4102 nemausense,

359 4143 524 4226 Regemque
537 4143 678 4208 intrusum
693 4144 839 4226 perimens
853 4145 974 4210 intrudit
987 4147 1015 4208 in
1031 4167 1141 4212 orcum.
