3272 5188
771 515 958 563 tirannis.

456 633 534 688 lixilii
547 633 650 702 paritas
661 631 752 700 jungit
765 635 794 685 et
806 631 869 684 unit
880 643 938 684 eus.

420 729 538 798 Expedit
548 727 672 782 adversis
684 733 793 780 mutare
806 723 930 779 secunda
943 723 1076 788 vicissim,

458 825 556 880 Fervet
567 823 596 876 in
608 822 733 878 adversis
744 821 930 890 prosperitate
943 825 1050 890 tepens.

423 923 524 977 Brutus
537 921 565 974 in
578 919 658 974 exilio
672 919 744 973 bello
757 918 838 984 calet,
852 923 918 972 anta
931 917 1052 986 tepebat.

457 1019 525 1072 Tum
538 1017 652 1072 Veneris
664 1017 764 1080 luerat,
780 1016 828 1083 qui
842 1015 925 1070 modo
939 1014 1034 1069 Martis
1048 1028 1143 1083 equas,

424 1112 534 1170 Viribus
545 1113 659 1168 exilium
671 1125 782 1166 morum
796 1110 933 1180 probitate
946 1107 1074 1166 redemit.

460 1211 566 1265 Pronus
579 1209 614 1262 ad
626 1221 709 1263 omne
722 1208 817 1273 dacus,
830 1207 932 1276 probra
945 1209 989 1262 sui
1002 1208 1121 1275 generis.

359 1355 368 1372 ‚
425 1307 493 1372 Quid
505 1309 618 1360 moror?
631 1306 660 1359 iu
673 1305 756 1359 llruto
769 1304 842 1358 liora
854 1309 969 1372 pugnat,
984 1305 1080 1374 Apollo
1094 1311 1216 1374 perorat,

462 1403 597 1458 archadis
608 1417 656 1456 ora
671 1407 782 1467 sonant,
797 1407 879 1456 ornat
892 1415 993 1470 ymago
1005 1402 1091 1458 lovis.

426 1503 522 1558 Gracia
535 1501 663 1565 miratur,
677 1506 772 1569 stupet
783 1500 849 1555 hinc
861 1501 938 1566 Tros,
953 1500 1019 1554 inde
1031 1499 1163 1564 llicanus,

463 1597 569 1660 Quanta
581 1597 618 1650 sit
630 1595 658 1649 in
671 1595 755 1650 llrutu
768 1596 865 1663 gratia,
879 1599 1002 1663 quantus
1015 1594 1115 1652 honos.

428 1691 537 1748 Viribus
549 1692 667 1758 Alcides,
682 1691 757 1746 Paris
769 1697 842 1758 astu,
858 1691 949 1747 Delius
961 1705 1039 1756 arcu,

464 1790 558 1844 Castor
570 1802 651 1856 aquo,
666 1787 784 1842 fratrum
798 1787 920 1845 cestibus
932 1789 1002 1843 alter
1014 1794 1084 1843 erat.

429 1883 485 1939 Hac
497 1897 605 1953 quoque
618 1883 694 1951 larga
706 1897 817 1948 munus,
832 1897 913 1938 mens
924 1883 1035 1951 largior,
1050 1890 1167 1952 utraque
1181 1885 1267 1952 larga,

466 1981 579 2048 Prodiga
592 1987 692 2035 neutra
703 1979 814 2047 quinem
828 1979 1012 2035 condecorare
1025 1981 1148 2036 student.

429 2077 569 2132 Exhilarat
575 2091 632 2177 pua
643 2077 717 2131 lama
729 2076 851 2144 Phrigas,
866 2078 1011 2146 pertentat
1022 2077 1124 2144 trgum

466 2175 522 2229 ilos
534 2187 585 2228 sua
597 2173 736 2229 comburit
747 2173 869 2238 flamma,
886 2179 999 2228 serenat
1011 2187 1068 2228 eos.

431 2267 514 2325 'lerra
526 2269 670 2324 homiuem
684 2269 808 2335 citraque
822 2268 906 2322 deum
919 2283 968 2322 sua
980 2270 1055 2322 lama
1066 2268 1182 2334 laborat,

466 2364 546 2419 Ferre
558 2366 649 2419 virum
661 2377 815 2433 properans
829 2365 991 2431 equiparare
1004 2364 1072 2419 deis.

431 2460 511 2516 Hunc
522 2463 607 2530 igitur
619 2465 741 2516 statuero
753 2461 864 2526 ducem,
879 2466 1003 2516 statuero
1015 2467 1175 2529 paternum,

468 2557 556 2625 Seque
568 2555 669 2611 dedero
682 2556 733 2610 sihi
746 2571 814 2624 gens
828 2556 985 2611 miseranda
997 2557 1140 2624 Phrigum.

431 2652 541 2719 iusque
553 2666 638 2706 mauu
651 2651 741 2718 fragili
754 2656 868 2720 septena
880 2651 957 2705 luera
970 2653 1093 2706 virorum

469 2748 550 2812 tillia,
564 2748 611 2816 qui
624 2748 740 2801 Brutum
753 2750 924 2802 constituero
938 2747 1049 2802 ducem.

436 2843 484 2898 ilis
495 2843 571 2897 iuret
583 2843 741 2911 Assaracus,
755 2847 853 2896 monet
866 2843 927 2896 illos
938 2857 1017 2896 armo
1030 2857 1159 2908 morere,

468 2939 572 2994 indolis
584 2939 694 3006 egregie
708 2939 811 2993 Grccus
825 2937 950 3006 ephebus
963 2945 1032 2993 erat.

435 3035 474 3089 Ex
487 3040 566 3104 patre
578 3035 682 3088 liranus
694 3040 764 3099 erat,
781 3035 889 3102 Phrigia
900 3034 935 3088 de
948 3043 1038 3089 matre
1051 3039 1178 3102 creatus,

471 3129 615 3184 Nobilitate
628 3129 750 3196 Pirriges,
764 3131 894 3198 exprimit
906 3143 954 3184 ore
967 3135 1085 3198 patrem.

435 3226 486 3280 Pru
499 3229 578 3294 patre
591 3229 739 3293 suspectus
752 3225 905 3292 Phrigibue,
920 3240 971 3293 pro
986 3231 1076 3280 matre
1088 3226 1209 3292 Miconis,

472 3323 523 3376 llix
534 3321 569 3374 ab
580 3326 699 3390 utroque
713 3335 814 3375 carens
827 3321 922 3376 horret
936 3329 1086 3389 utrumque
1101 3337 1197 3390 genus.

438 3419 572 3474 Assaraco
586 3419 639 3472 tria
651 3424 743 3472 castra
755 3423 862 3486 patent,
876 3433 909 3473 ea
922 3418 1035 3475 demere
1047 3421 1127 3475 fratri

473 3514 584 3568 Nititur.
623 3513 673 3568 Hic
685 3514 767 3568 hores
779 3516 875 3583 patris,
889 3520 918 3569 at
929 3515 975 3570 ille
988 3516 1102 3580 nothus,

435 3608 548 3678 impetit
559 3609 604 3664 hic
618 3609 707 3676 illum,
723 3611 850 3678 quamvls
865 3611 902 3664 sit
912 3611 1043 3679 utrinque
1055 3611 1187 3668 iliconus.

476 3705 551 3760 Alter
563 3705 647 3762 habet
659 3707 754 3762 faciles
768 3707 801 3760 ad
815 3721 867 3762 sua
880 3713 945 3762 vota
958 3721 1034 3763 suos.

440 3800 574 3856 Convenit
585 3801 631 3856 illc
643 3801 745 3869 Friges,
760 3799 840 3856 ledus
853 3801 944 3867 datur,
959 3803 1060 3872 oppida
1072 3807 1164 3860 munit

476 3896 586 3963 Brutus,
600 3901 630 3952 et
641 3903 748 3953 armato
761 3899 850 3953 milita
862 3899 951 3967 replet
963 3913 1005 3954 aa.

441 3992 502 4047 llux
514 3993 566 4047 iter
578 3993 713 4062 explorat,
726 3995 786 4048 loca
799 3995 911 4060 circuit,
928 3995 989 4050 ilice
1002 3995 1094 4050 stabam

477 4089 549 4146 Silua
562 4091 663 4158 gravis,
679 4096 738 4146 tuta
751 4093 820 4147 silva
832 4093 937 4148 latebra
950 4095 1011 4149 luit.

442 4185 499 4243 ilex
512 4185 549 4241 ibi
562 4186 653 4242 mollis
665 4186 756 4244 adhuc
768 4190 861 4256 etatis,
876 4189 913 4244 ibi
926 4189 1074 4245 mulierum
