3206 5134
572 545 859 593 manaremus,

197 659 378 740 agminibus,
395 664 587 742 repetuntque
603 679 671 722 suas
685 677 749 721 curu
765 658 871 720 Cesoro
887 675 988 730 rraves;

198 782 242 844 Ad
258 781 358 845 Gallos
372 783 517 862 remisque
531 785 609 844 ratos
624 780 751 860 velisque
764 779 907 842 feruntur.

239 907 299 968 Rex
313 905 401 984 igitur
414 905 517 980 victor,
533 908 669 986 superato
685 903 791 965 Cesare
807 903 892 976 lctus,

199 1025 348 1088 Victorum
361 1024 505 1107 dispergit
519 1045 589 1106 opes
603 1024 759 1088 victoribus
774 1043 862 1102 eque;

199 1145 346 1208 Virtutum
360 1146 459 1207 titulos
474 1145 601 1208 declarat
615 1145 732 1208 dextera
745 1143 851 1207 dantis.

199 1267 260 1330 Sed
274 1267 340 1348 quia
353 1267 421 1330 dum
435 1266 522 1343 ridet,
539 1267 652 1329 deridet
667 1266 759 1346 gloria
772 1264 884 1340 muudi,

201 1389 278 1450 luter
290 1388 380 1450 letitie
393 1388 512 1469 plausus
527 1407 671 1468 vocesque
684 1386 836 1469 triumphi,

201 1510 335 1592 Occupat
348 1510 467 1573 interior
480 1511 576 1573 luctus
590 1507 744 1593 precordia
756 1507 850 1588 regis3

199 1631 272 1692 Nam
287 1631 391 1693 vulnus
404 1631 490 1694 letale
504 1647 608 1710 gerens
621 1629 650 1690 iu
664 1633 783 1711 pectore
797 1629 886 1689 trater

200 1751 300 1832 Regis,
315 1751 458 1833 presentis
472 1751 574 1814 amittit
588 1751 694 1832 gaudia
707 1751 775 1825 rite,

200 1873 237 1934 Et
250 1873 451 1936 Tritonantuur
465 1873 598 1936 conditus
613 1872 747 1936 conditur
762 1873 843 1934 urbe.

200 1997 233 2058 lu
248 1995 333 2078 cujus
347 1995 457 2058 tumulo
471 1995 630 2080 tumulatur
645 1994 760 2057 Cesaris
774 1993 863 2056 ensis.

242 2115 376 2178 Constitit
391 2115 420 2178 in
435 2115 524 2178 Gallis
539 2115 637 2178 Latios
650 2114 771 2212 rediisse
784 2115 911 2193 fugatos,

200 2237 326 2300 Cesareo
341 2257 395 2300 sua
409 2238 480 2300 colla
490 2236 565 2319 jugo
580 2236 742 2299 subducere
757 2239 909 2318 temptant.

200 2359 331 2438 Namque
345 2361 450 2440 putant
463 2356 609 2434 Britones,
625 2358 701 2418 fama
714 2356 868 2432 referente,
884 2355 994 2432 venire,

199 2481 404 2559 Romanosque
417 2478 512 2559 sequi,
527 2483 621 2540 tutum
635 2497 750 2558 quoque
766 2477 906 2540 classibus
920 2498 1020 2558 equor.
1173 2497 1232 2544 raso

201 2600 293 2664 Cesar
305 2605 338 2662 nt
352 2599 471 2681 agnovit
486 2598 585 2663 Gallos
600 2599 655 2662 sibi
669 2599 745 2662 bella
758 2598 871 2674 minari,

200 2722 237 2782 Et
251 2741 283 2783 se
297 2727 365 2804 post
378 2721 527 2783 Britouunr
542 2720 698 2782 certamina
712 2719 903 2794 debilitatum,

200 2839 360 2903 Discordes
375 2841 429 2902 sibi
444 2839 599 2904 concordat
611 2859 675 2904 cum
689 2840 775 2922 plebe
789 2844 933 2920 potentes,

201 2963 296 3041 Largo
311 2961 487 3024 distribuens
501 2961 541 3024 illi
554 2981 655 3024 aurum
671 2961 748 3040 quod
763 2979 848 3022 avare

200 3084 450 3146 accumulaverat.
492 3082 680 3144 Exheredatis
695 3101 745 3144 sua
757 3081 828 3162 jura

201 3203 340 3265 Restituit
357 3225 363 3263 :
380 3204 460 3266 timet
472 3203 526 3266 bos
541 3203 630 3266 Cesar
644 3203 749 3285 quibus
764 3203 826 3285 ipsc
840 3203 935 3266 timori
950 3209 1007 3265 cst.

202 3323 299 3394 Quam
314 3325 390 3386 boue
403 3323 533 3386 libertast
549 3343 633 3404 quam
648 3324 826 3386 detestabilis
841 3323 904 3385 ouri

201 3443 382 3525 argentique
396 3445 501 3506 tamesi
544 3445 609 3517 Que
623 3444 712 3508 libera
727 3445 827 3506 debuit
841 3465 905 3507 esse

200 3565 238 3624 Et
251 3565 358 3645 potuit,
374 3567 512 3646 corrupta
524 3563 599 3626 datis
614 3549 686 3644 gens
701 3564 809 3627 Gallica
823 3565 923 3626 seruit.

200 3683 294 3746 Cesar
306 3684 412 3745 letatur
427 3681 517 3746 Gallis
531 3683 585 3746 sibi
597 3683 771 3765 pacificatis3
1175 3705 1234 3750 raoo

200 3803 300 3866 Corde
314 3809 409 3866 tamen
423 3804 529 3866 teritur
542 3804 679 3885 quociens
693 3805 878 3866 memoranda
892 3809 1029 3868 retractat

200 3923 284 3984 Bella
297 3923 514 4000 Britannorum,
530 3945 725 4004 conversaque
739 3929 823 4003 terga
837 3945 965 3988 suoruur.

243 4043 345 4116 Julius,
361 4044 509 4104 innumero
524 4044 718 4105 circumdatus
733 4045 857 4123 agmine,
873 4064 1008 4124 magnum

201 4163 378 4224 'transmeat
392 4165 568 4226 Ocoeanum.
614 4163 706 4234 Quour
720 4184 770 4224 rex
787 4165 933 4226 Britouuur
950 4166 1108 4228 venientem
