<?xml version="1.0" encoding="UTF-8"?>
<!DOCTYPE html PUBLIC "-//W3C//DTD XHTML 1.0 Transitional//EN"
    "http://www.w3.org/TR/xhtml1/DTD/xhtml1-transitional.dtd">
<html xmlns="http://www.w3.org/1999/xhtml" xml:lang="en" lang="en">
 <head>
  <title>
</title>
<meta http-equiv="Content-Type" content="text/html;charset=utf-8" />
  <meta name='ocr-system' content='tesseract 3.04.00' />
  <meta name='ocr-capabilities' content='ocr_page ocr_carea ocr_par ocr_line ocrx_word'/>
</head>
<body>
  <div class='ocr_page' id='page_1' title='image "./gestaregumbrita00assogoog_0153.png"; bbox 0 0 3226 5168; ppageno 0'>
   <div class='ocr_carea' id='block_1_1' title="bbox 364 399 1113 461">
    <p class='ocr_par' dir='ltr' id='par_1_1' title="bbox 364 399 1113 461">
     <span class='ocr_line' id='line_1_1' title="bbox 364 399 1113 461; baseline -0.009 0"><span class='ocrx_word' id='word_1_1' title='bbox 364 399 421 461; x_wconf 68' lang='lat'>128</span> <span class='ocrx_word' id='word_1_2' title='bbox 642 413 749 459; x_wconf 73' lang='lat' dir='ltr'>unsre</span> <span class='ocrx_word' id='word_1_3' title='bbox 770 411 883 458; x_wconf 71' lang='lat' dir='ltr'>necne</span> <span class='ocrx_word' id='word_1_4' title='bbox 906 411 1113 457; x_wconf 74' lang='lat' dir='ltr'>nnrnnunrn.</span> 
     </span>
    </p>
   </div>
   <div class='ocr_carea' id='block_1_2' title="bbox 360 522 1033 610">
    <p class='ocr_par' dir='ltr' id='par_1_2' title="bbox 360 522 1033 610">
     <span class='ocr_line' id='line_1_2' title="bbox 360 522 1033 610; baseline -0.006 -22"><span class='ocrx_word' id='word_1_5' title='bbox 360 525 474 610; x_wconf 86' lang='lat' dir='ltr'>Imperii</span> <span class='ocrx_word' id='word_1_6' title='bbox 489 525 567 606; x_wconf 90' lang='lat' dir='ltr'>quod</span> <span class='ocrx_word' id='word_1_7' title='bbox 584 527 675 588; x_wconf 87' lang='lat' dir='ltr'>Romo</span> <span class='ocrx_word' id='word_1_8' title='bbox 688 525 741 587; x_wconf 89' lang='lat' dir='ltr'>tibi</span> <span class='ocrx_word' id='word_1_9' title='bbox 752 525 803 607; x_wconf 89' lang='lat' dir='ltr'>jus</span> <span class='ocrx_word' id='word_1_10' title='bbox 816 523 885 586; x_wconf 87' lang='lat' dir='ltr'>iecit</span> <span class='ocrx_word' id='word_1_11' title='bbox 898 522 1033 586; x_wconf 83' lang='lat' dir='ltr'>habendi.</span> 
     </span>
    </p>
   </div>
   <div class='ocr_carea' id='block_1_3' title="bbox 352 641 1168 4100">
    <p class='ocr_par' dir='ltr' id='par_1_3' title="bbox 352 641 1168 4100">
     <span class='ocr_line' id='line_1_3' title="bbox 359 641 1046 724; baseline -0.01 -14"><span class='ocrx_word' id='word_1_12' title='bbox 359 647 432 711; x_wconf 85' lang='lat' dir='ltr'>Cum</span> <span class='ocrx_word' id='word_1_13' title='bbox 446 645 543 708; x_wconf 89' lang='lat' dir='ltr'>decies</span> <span class='ocrx_word' id='word_1_14' title='bbox 558 645 609 707; x_wconf 91' lang='lat' dir='ltr'>tibi</span> <span class='ocrx_word' id='word_1_15' title='bbox 625 644 701 707; x_wconf 89' lang='lat' dir='ltr'>mille</span> <span class='ocrx_word' id='word_1_16' title='bbox 716 643 785 707; x_wconf 84' lang='lat' dir='ltr'>viris</span> <span class='ocrx_word' id='word_1_17' title='bbox 799 644 837 706; x_wconf 88' lang='lat' dir='ltr'>ed</span> <span class='ocrx_word' id='word_1_18' title='bbox 852 645 924 705; x_wconf 85' lang='lat' dir='ltr'>bellu</span> <span class='ocrx_word' id='word_1_19' title='bbox 938 641 1046 724; x_wconf 79' lang='lat' dir='ltr'>peratis</span> 
     </span>
     <span class='ocr_line' id='line_1_4' title="bbox 359 764 1110 850; baseline -0.012 -17"><span class='ocrx_word' id='word_1_20' title='bbox 359 769 539 850; x_wconf 86' lang='lat' dir='ltr'><strong>Obsequium</strong></span> <span class='ocrx_word' id='word_1_21' title='bbox 553 767 672 843; x_wconf 76' lang='lat' dir='ltr'>iscium3</span> <span class='ocrx_word' id='word_1_22' title='bbox 689 768 780 830; x_wconf 91' lang='lat' dir='ltr'>solum</span> <span class='ocrx_word' id='word_1_23' title='bbox 794 766 849 828; x_wconf 94' lang='lat' dir='ltr'>hoc</span> <span class='ocrx_word' id='word_1_24' title='bbox 863 764 1026 847; x_wconf 71' lang='lat' dir='ltr'>specialiter</span> <span class='ocrx_word' id='word_1_25' title='bbox 1040 766 1110 845; x_wconf 89' lang='lat' dir='ltr'>opto</span> 
     </span>
     <span class='ocr_line' id='line_1_5' title="bbox 357 884 1094 972; baseline -0.009 -20"><span class='ocrx_word' id='word_1_26' title='bbox 357 891 397 953; x_wconf 91' lang='lat' dir='ltr'>Ut</span> <span class='ocrx_word' id='word_1_27' title='bbox 410 890 461 952; x_wconf 90' lang='lat' dir='ltr'>tibi</span> <span class='ocrx_word' id='word_1_28' title='bbox 474 889 636 972; x_wconf 85' lang='lat' dir='ltr'>subjectam</span> <span class='ocrx_word' id='word_1_29' title='bbox 650 888 757 951; x_wconf 85' lang='lat' dir='ltr'>reddes</span> <span class='ocrx_word' id='word_1_30' title='bbox 771 907 816 950; x_wconf 92' lang='lat' dir='ltr'>me</span> <span class='ocrx_word' id='word_1_31' title='bbox 831 886 918 949; x_wconf 90' lang='lat' dir='ltr'>milite</span> <span class='ocrx_word' id='word_1_32' title='bbox 932 886 1065 948; x_wconf 81' lang='lat' dir='ltr'><strong>Romam.</strong></span> <span class='ocrx_word' id='word_1_33' title='bbox 1079 884 1094 910; x_wconf 88' lang='lat'>’&#39;</span> 
     </span>
     <span class='ocr_line' id='line_1_6' title="bbox 398 1005 1151 1092; baseline -0.008 -19"><span class='ocrx_word' id='word_1_34' title='bbox 398 1011 459 1074; x_wconf 91' lang='lat' dir='ltr'>Hiis</span> <span class='ocrx_word' id='word_1_35' title='bbox 473 1010 558 1073; x_wconf 88' lang='lat' dir='ltr'>dictis</span> <span class='ocrx_word' id='word_1_36' title='bbox 572 1014 727 1092; x_wconf 84' lang='lat' dir='ltr'>postquem</span> <span class='ocrx_word' id='word_1_37' title='bbox 741 1027 839 1072; x_wconf 84' lang='lat' dir='ltr'>vocem</span> <span class='ocrx_word' id='word_1_38' title='bbox 854 1006 1019 1090; x_wconf 77' lang='lat' dir='ltr'>suppressit</span> <span class='ocrx_word' id='word_1_39' title='bbox 1033 1005 1151 1081; x_wconf 89' lang='lat' dir='ltr'>lloelns,</span> 
     </span>
     <span class='ocr_line' id='line_1_7' title="bbox 359 1127 1139 1214; baseline -0.005 -22"><span class='ocrx_word' id='word_1_40' title='bbox 359 1130 490 1214; x_wconf 83' lang='lat' dir='ltr'>Explicet</span> <span class='ocrx_word' id='word_1_41' title='bbox 504 1132 668 1212; x_wconf 80' lang='lat' dir='ltr'>Auguselus</span> <span class='ocrx_word' id='word_1_42' title='bbox 685 1153 691 1192; x_wconf 95' lang='lat'><strong>:</strong></span> <span class='ocrx_word' id='word_1_43' title='bbox 708 1129 723 1154; x_wconf 83' lang='lat'><em>“</em></span> <span class='ocrx_word' id='word_1_44' title='bbox 735 1130 795 1193; x_wconf 84' lang='lat' dir='ltr'>llex</span> <span class='ocrx_word' id='word_1_45' title='bbox 809 1128 941 1206; x_wconf 82' lang='lat' dir='ltr'>maxime,</span> <span class='ocrx_word' id='word_1_46' title='bbox 957 1127 1024 1190; x_wconf 78' lang='lat' dir='ltr'>ulia</span> <span class='ocrx_word' id='word_1_47' title='bbox 1038 1144 1139 1206; x_wconf 81' lang='lat' dir='ltr'>regum</span> 
     </span>
     <span class='ocr_line' id='line_1_8' title="bbox 361 1249 1007 1331; baseline -0.008 -17"><span class='ocrx_word' id='word_1_48' title='bbox 361 1251 504 1324; x_wconf 78' lang='lat' dir='ltr'>Quantum</span> <span class='ocrx_word' id='word_1_49' title='bbox 519 1250 642 1313; x_wconf 77' lang='lat' dir='ltr'>loticiam</span> <span class='ocrx_word' id='word_1_50' title='bbox 656 1249 774 1331; x_wconf 80' lang='lat' dir='ltr'>concepi</span> <span class='ocrx_word' id='word_1_51' title='bbox 787 1250 886 1329; x_wconf 82' lang='lat' dir='ltr'>lingua</span> <span class='ocrx_word' id='word_1_52' title='bbox 898 1249 1007 1310; x_wconf 81' lang='lat' dir='ltr'>referre</span> 
     </span>
     <span class='ocr_line' id='line_1_9' title="bbox 357 1367 1123 1453; baseline -0.007 -19"><span class='ocrx_word' id='word_1_53' title='bbox 357 1372 443 1434; x_wconf 85' lang='lat' dir='ltr'>Nullo</span> <span class='ocrx_word' id='word_1_54' title='bbox 456 1375 563 1453; x_wconf 91' lang='lat' dir='ltr'>potest,</span> <span class='ocrx_word' id='word_1_55' title='bbox 579 1375 733 1452; x_wconf 85' lang='lat' dir='ltr'>postquem</span> <span class='ocrx_word' id='word_1_56' title='bbox 747 1368 866 1450; x_wconf 85' lang='lat' dir='ltr'>concepi</span> <span class='ocrx_word' id='word_1_57' title='bbox 879 1373 908 1430; x_wconf 92' lang='lat' dir='ltr'>te</span> <span class='ocrx_word' id='word_1_58' title='bbox 922 1367 991 1430; x_wconf 85' lang='lat' dir='ltr'>dore</span> <span class='ocrx_word' id='word_1_59' title='bbox 1006 1367 1123 1448; x_wconf 78' lang='lat' dir='ltr'>dignum</span> 
     </span>
     <span class='ocr_line' id='line_1_10' title="bbox 358 1487 1048 1574; baseline -0.004 -21"><span class='ocrx_word' id='word_1_60' title='bbox 358 1491 493 1574; x_wconf 86' lang='lat' dir='ltr'>Principe</span> <span class='ocrx_word' id='word_1_61' title='bbox 507 1509 690 1572; x_wconf 87' lang='lat' dir='ltr'>responsum,</span> <span class='ocrx_word' id='word_1_62' title='bbox 708 1508 760 1552; x_wconf 87' lang='lat' dir='ltr'>nec</span> <span class='ocrx_word' id='word_1_63' title='bbox 775 1494 804 1551; x_wconf 88' lang='lat' dir='ltr'>te</span> <span class='ocrx_word' id='word_1_64' title='bbox 818 1492 928 1551; x_wconf 84' lang='lat' dir='ltr'>mutere</span> <span class='ocrx_word' id='word_1_65' title='bbox 942 1487 1048 1569; x_wconf 80' lang='lat' dir='ltr'>rigoris</span> 
     </span>
     <span class='ocr_line' id='line_1_11' title="bbox 358 1609 1138 1693; baseline 0 -20"><span class='ocrx_word' id='word_1_66' title='bbox 358 1611 557 1693; x_wconf 82' lang='lat' dir='ltr'>Propositum,</span> <span class='ocrx_word' id='word_1_67' title='bbox 573 1611 709 1690; x_wconf 88' lang='lat' dir='ltr'>nulloque</span> <span class='ocrx_word' id='word_1_68' title='bbox 724 1609 804 1690; x_wconf 82' lang='lat' dir='ltr'>quati</span> <span class='ocrx_word' id='word_1_69' title='bbox 818 1614 930 1674; x_wconf 88' lang='lat' dir='ltr'>terrore</span> <span class='ocrx_word' id='word_1_70' title='bbox 943 1610 1093 1673; x_wconf 84' lang='lat' dir='ltr'>minarum.</span> <span class='ocrx_word' id='word_1_71' title='bbox 1136 1675 1138 1680; x_wconf 71' lang='grc'>,</span> 
     </span>
     <span class='ocr_line' id='line_1_12' title="bbox 358 1731 1154 1812; baseline -0.004 -17"><span class='ocrx_word' id='word_1_72' title='bbox 358 1733 449 1796; x_wconf 86' lang='lat' dir='ltr'>Romu</span> <span class='ocrx_word' id='word_1_73' title='bbox 462 1737 564 1808; x_wconf 90' lang='lat' dir='ltr'>tumet,</span> <span class='ocrx_word' id='word_1_74' title='bbox 580 1732 729 1811; x_wconf 83' lang='lat' dir='ltr'>iustusque</span> <span class='ocrx_word' id='word_1_75' title='bbox 743 1731 829 1812; x_wconf 85' lang='lat' dir='ltr'>perit,</span> <span class='ocrx_word' id='word_1_76' title='bbox 846 1750 1014 1812; x_wconf 84' lang='lat' dir='ltr'>sacrumque</span> <span class='ocrx_word' id='word_1_77' title='bbox 1028 1737 1154 1806; x_wconf 84' lang='lat' dir='ltr'>rccuset,</span> 
     </span>
     <span class='ocr_line' id='line_1_13' title="bbox 358 1851 1168 1936; baseline -0.002 -21"><span class='ocrx_word' id='word_1_78' title='bbox 358 1855 473 1934; x_wconf 83' lang='lat' dir='ltr'>Fasque</span> <span class='ocrx_word' id='word_1_79' title='bbox 486 1853 654 1936; x_wconf 86' lang='lat' dir='ltr'>nephesque</span> <span class='ocrx_word' id='word_1_80' title='bbox 668 1851 721 1914; x_wconf 87' lang='lat' dir='ltr'>sibi</span> <span class='ocrx_word' id='word_1_81' title='bbox 736 1852 842 1915; x_wconf 91' lang='lat' dir='ltr'>licitum</span> <span class='ocrx_word' id='word_1_82' title='bbox 856 1853 939 1928; x_wconf 76' lang='lat' dir='ltr'>lecit3</span> <span class='ocrx_word' id='word_1_83' title='bbox 956 1853 1052 1914; x_wconf 84' lang='lat' dir='ltr'>omnin</span> <span class='ocrx_word' id='word_1_84' title='bbox 1066 1853 1168 1928; x_wconf 87' lang='lat' dir='ltr'>credit,</span> 
     </span>
     <span class='ocr_line' id='line_1_14' title="bbox 359 1972 1105 2056; baseline 0.001 -22"><span class='ocrx_word' id='word_1_85' title='bbox 359 1973 424 2044; x_wconf 86' lang='lat' dir='ltr'>Quo</span> <span class='ocrx_word' id='word_1_86' title='bbox 435 1973 522 2056; x_wconf 85' lang='lat' dir='ltr'>jubet</span> <span class='ocrx_word' id='word_1_87' title='bbox 538 1977 588 2036; x_wconf 84' lang='lat' dir='ltr'>aut</span> <span class='ocrx_word' id='word_1_88' title='bbox 602 1972 712 2050; x_wconf 80' lang='lat' dir='ltr'>statuit,</span> <span class='ocrx_word' id='word_1_89' title='bbox 728 1974 786 2034; x_wconf 84' lang='lat' dir='ltr'>vim</span> <span class='ocrx_word' id='word_1_90' title='bbox 801 1991 882 2034; x_wconf 83' lang='lat' dir='ltr'>seme</span> <span class='ocrx_word' id='word_1_91' title='bbox 896 1973 969 2054; x_wconf 81' lang='lat' dir='ltr'>legis</span> <span class='ocrx_word' id='word_1_92' title='bbox 982 1973 1105 2050; x_wconf 79' lang='lat' dir='ltr'>hebere3</span> 
     </span>
     <span class='ocr_line' id='line_1_15' title="bbox 360 2091 1049 2174; baseline -0.003 -18"><span class='ocrx_word' id='word_1_93' title='bbox 360 2093 523 2173; x_wconf 85' lang='lat' dir='ltr'>Omnisque</span> <span class='ocrx_word' id='word_1_94' title='bbox 538 2112 602 2156; x_wconf 90' lang='lat' dir='ltr'>esse</span> <span class='ocrx_word' id='word_1_95' title='bbox 617 2097 700 2174; x_wconf 86' lang='lat' dir='ltr'>putet</span> <span class='ocrx_word' id='word_1_96' title='bbox 713 2092 833 2156; x_wconf 81' lang='lat' dir='ltr'>Romani</span> <span class='ocrx_word' id='word_1_97' title='bbox 847 2093 966 2174; x_wconf 84' lang='lat' dir='ltr'>propria</span> <span class='ocrx_word' id='word_1_98' title='bbox 978 2091 1049 2168; x_wconf 89' lang='lat' dir='ltr'>fisci,</span> 
     </span>
     <span class='ocr_line' id='line_1_16' title="bbox 359 2211 1028 2294; baseline -0.003 -20"><span class='ocrx_word' id='word_1_99' title='bbox 359 2211 575 2292; x_wconf 79' lang='lat' dir='ltr'>Serviciumque</span> <span class='ocrx_word' id='word_1_100' title='bbox 590 2211 646 2273; x_wconf 90' lang='lat' dir='ltr'>sibi</span> <span class='ocrx_word' id='word_1_101' title='bbox 659 2215 757 2294; x_wconf 84' lang='lat' dir='ltr'>pentes</span> <span class='ocrx_word' id='word_1_102' title='bbox 773 2211 879 2273; x_wconf 89' lang='lat' dir='ltr'>debere</span> <span class='ocrx_word' id='word_1_103' title='bbox 892 2216 1028 2274; x_wconf 86' lang='lat' dir='ltr'>remotes.</span> 
     </span>
     <span class='ocr_line' id='line_1_17' title="bbox 356 2331 1097 2414; baseline 0.001 -20"><span class='ocrx_word' id='word_1_104' title='bbox 356 2332 461 2394; x_wconf 91' lang='lat' dir='ltr'>Nonne</span> <span class='ocrx_word' id='word_1_105' title='bbox 475 2335 591 2394; x_wconf 88' lang='lat' dir='ltr'>veretur</span> <span class='ocrx_word' id='word_1_106' title='bbox 604 2331 634 2394; x_wconf 94' lang='lat' dir='ltr'>iu</span> <span class='ocrx_word' id='word_1_107' title='bbox 649 2332 703 2395; x_wconf 91' lang='lat' dir='ltr'>hiis</span> <span class='ocrx_word' id='word_1_108' title='bbox 717 2337 819 2395; x_wconf 89' lang='lat' dir='ltr'>nnture</span> <span class='ocrx_word' id='word_1_109' title='bbox 834 2332 979 2395; x_wconf 81' lang='lat' dir='ltr'>offendere</span> <span class='ocrx_word' id='word_1_110' title='bbox 992 2335 1097 2414; x_wconf 79' lang='lat' dir='ltr'>legem,</span> 
     </span>
     <span class='ocr_line' id='line_1_18' title="bbox 358 2451 1135 2534; baseline -0.001 -20"><span class='ocrx_word' id='word_1_111' title='bbox 358 2451 424 2524; x_wconf 87' lang='lat' dir='ltr'>Quo</span> <span class='ocrx_word' id='word_1_112' title='bbox 437 2451 587 2534; x_wconf 88' lang='lat' dir='ltr'>proprium</span> <span class='ocrx_word' id='word_1_113' title='bbox 602 2455 653 2514; x_wconf 86' lang='lat' dir='ltr'>sut</span> <span class='ocrx_word' id='word_1_114' title='bbox 666 2451 818 2514; x_wconf 82' lang='lat' dir='ltr'>servicium</span> <span class='ocrx_word' id='word_1_115' title='bbox 832 2452 1044 2534; x_wconf 83' lang='lat' dir='ltr'>condempnete</span> <span class='ocrx_word' id='word_1_116' title='bbox 1057 2451 1135 2516; x_wconf 87' lang='lat' dir='ltr'>odit?</span> 
     </span>
     <span class='ocr_line' id='line_1_19' title="bbox 356 2570 1006 2653; baseline 0.003 -21"><span class='ocrx_word' id='word_1_117' title='bbox 356 2573 401 2632; x_wconf 77' lang='lat' dir='ltr'>An</span> <span class='ocrx_word' id='word_1_118' title='bbox 416 2591 473 2632; x_wconf 93' lang='lat' dir='ltr'>non</span> <span class='ocrx_word' id='word_1_119' title='bbox 489 2570 553 2652; x_wconf 85' lang='lat' dir='ltr'>ipse</span> <span class='ocrx_word' id='word_1_120' title='bbox 566 2590 647 2633; x_wconf 87' lang='lat' dir='ltr'>suem</span> <span class='ocrx_word' id='word_1_121' title='bbox 661 2572 753 2652; x_wconf 79' lang='lat' dir='ltr'>legem</span> <span class='ocrx_word' id='word_1_122' title='bbox 768 2571 884 2653; x_wconf 88' lang='lat' dir='ltr'>dejure</span> <span class='ocrx_word' id='word_1_123' title='bbox 899 2571 1006 2648; x_wconf 84' lang='lat' dir='ltr'>subire,</span> 
     </span>
     <span class='ocr_line' id='line_1_20' title="bbox 359 2690 1145 2771; baseline 0.003 -19"><span class='ocrx_word' id='word_1_124' title='bbox 359 2691 454 2762; x_wconf 87' lang='lat' dir='ltr'>Quem</span> <span class='ocrx_word' id='word_1_125' title='bbox 469 2690 581 2766; x_wconf 86' lang='lat' dir='ltr'>statuit,</span> <span class='ocrx_word' id='word_1_126' title='bbox 597 2690 720 2753; x_wconf 87' lang='lat' dir='ltr'>meruit?</span> <span class='ocrx_word' id='word_1_127' title='bbox 761 2693 818 2752; x_wconf 92' lang='lat' dir='ltr'>Pro</span> <span class='ocrx_word' id='word_1_128' title='bbox 833 2691 945 2771; x_wconf 78' lang='lat' dir='ltr'>legibus</span> <span class='ocrx_word' id='word_1_129' title='bbox 959 2691 1068 2754; x_wconf 85' lang='lat' dir='ltr'>indicet</span> <span class='ocrx_word' id='word_1_130' title='bbox 1082 2713 1145 2754; x_wconf 90' lang='lat' dir='ltr'>esse</span> 
     </span>
     <span class='ocr_line' id='line_1_21' title="bbox 356 2809 1067 2892; baseline 0.003 -21"><span class='ocrx_word' id='word_1_131' title='bbox 356 2810 474 2872; x_wconf 90' lang='lat' dir='ltr'>Viribus</span> <span class='ocrx_word' id='word_1_132' title='bbox 491 2809 640 2886; x_wconf 87' lang='lat' dir='ltr'>utendum,</span> <span class='ocrx_word' id='word_1_133' title='bbox 655 2809 813 2892; x_wconf 87' lang='lat' dir='ltr'>pociorqne</span> <span class='ocrx_word' id='word_1_134' title='bbox 827 2809 937 2892; x_wconf 85' lang='lat' dir='ltr'>injure</span> <span class='ocrx_word' id='word_1_135' title='bbox 952 2811 1067 2873; x_wconf 83' lang='lat' dir='ltr'>videtur</span> 
     </span>
     <span class='ocr_line' id='line_1_22' title="bbox 357 2929 1156 3012; baseline 0.003 -21"><span class='ocrx_word' id='word_1_136' title='bbox 357 2929 416 3000; x_wconf 88' lang='lat' dir='ltr'>Qui</span> <span class='ocrx_word' id='word_1_137' title='bbox 431 2949 612 3010; x_wconf 90' lang='lat' dir='ltr'>quocumque</span> <span class='ocrx_word' id='word_1_138' title='bbox 625 2929 712 2992; x_wconf 94' lang='lat' dir='ltr'>modo</span> <span class='ocrx_word' id='word_1_139' title='bbox 726 2949 787 2992; x_wconf 87' lang='lat' dir='ltr'>rem</span> <span class='ocrx_word' id='word_1_140' title='bbox 801 2929 932 3012; x_wconf 78' lang='lat' dir='ltr'>possidet</span> <span class='ocrx_word' id='word_1_141' title='bbox 945 2931 1040 2992; x_wconf 88' lang='lat' dir='ltr'>indice</span> <span class='ocrx_word' id='word_1_142' title='bbox 1055 2933 1156 2994; x_wconf 85' lang='lat' dir='ltr'>Romu.</span> 
     </span>
     <span class='ocr_line' id='line_1_23' title="bbox 356 3051 1082 3132; baseline 0.001 -19"><span class='ocrx_word' id='word_1_143' title='bbox 356 3053 432 3131; x_wconf 80' lang='lat' dir='ltr'>Engo</span> <span class='ocrx_word' id='word_1_144' title='bbox 447 3071 515 3114; x_wconf 83' lang='lat' dir='ltr'>snos</span> <span class='ocrx_word' id='word_1_145' title='bbox 529 3052 620 3132; x_wconf 79' lang='lat' dir='ltr'>leges,</span> <span class='ocrx_word' id='word_1_146' title='bbox 637 3070 708 3131; x_wconf 86' lang='lat' dir='ltr'>ques</span> <span class='ocrx_word' id='word_1_147' title='bbox 721 3051 862 3130; x_wconf 86' lang='lat' dir='ltr'>condidit,</span> <span class='ocrx_word' id='word_1_148' title='bbox 879 3052 950 3114; x_wconf 89' lang='lat' dir='ltr'>ordo</span> <span class='ocrx_word' id='word_1_149' title='bbox 965 3059 1082 3116; x_wconf 78' lang='lat' dir='ltr'>senatus</span> 
     </span>
     <span class='ocr_line' id='line_1_24' title="bbox 357 3173 1077 3256; baseline 0.003 -21"><span class='ocrx_word' id='word_1_150' title='bbox 357 3174 493 3252; x_wconf 84' lang='lat' dir='ltr'>Senciut;</span> <span class='ocrx_word' id='word_1_151' title='bbox 510 3179 539 3236; x_wconf 87' lang='lat' dir='ltr'>et</span> <span class='ocrx_word' id='word_1_152' title='bbox 552 3173 699 3256; x_wconf 89' lang='lat' dir='ltr'>princeps,</span> <span class='ocrx_word' id='word_1_153' title='bbox 716 3173 765 3254; x_wconf 92' lang='lat' dir='ltr'>qui</span> <span class='ocrx_word' id='word_1_154' title='bbox 779 3178 807 3235; x_wconf 86' lang='lat' dir='ltr'>to</span> <span class='ocrx_word' id='word_1_155' title='bbox 821 3173 924 3237; x_wconf 78' lang='lat' dir='ltr'>servile</span> <span class='ocrx_word' id='word_1_156' title='bbox 938 3174 1077 3237; x_wconf 89' lang='lat' dir='ltr'>tributum</span> 
     </span>
     <span class='ocr_line' id='line_1_25' title="bbox 355 3292 1046 3374; baseline 0.001 -18"><span class='ocrx_word' id='word_1_157' title='bbox 355 3293 492 3374; x_wconf 76' lang='lat' dir='ltr'>Flngitet,</span> <span class='ocrx_word' id='word_1_158' title='bbox 508 3293 624 3356; x_wconf 87' lang='lat' dir='ltr'>inllutus</span> <span class='ocrx_word' id='word_1_159' title='bbox 639 3292 706 3356; x_wconf 85' lang='lat' dir='ltr'>lieet</span> <span class='ocrx_word' id='word_1_160' title='bbox 719 3293 762 3370; x_wconf 94' lang='lat' dir='ltr'>id,</span> <span class='ocrx_word' id='word_1_161' title='bbox 778 3293 920 3373; x_wconf 89' lang='lat' dir='ltr'>similique</span> <span class='ocrx_word' id='word_1_162' title='bbox 933 3293 1046 3374; x_wconf 81' lang='lat' dir='ltr'>llngello</span> 
     </span>
     <span class='ocr_line' id='line_1_26' title="bbox 354 3413 1092 3498; baseline 0 -22"><span class='ocrx_word' id='word_1_163' title='bbox 354 3415 490 3496; x_wconf 82' lang='lat' dir='ltr'>vapulet,</span> <span class='ocrx_word' id='word_1_164' title='bbox 507 3419 537 3476; x_wconf 91' lang='lat' dir='ltr'>et</span> <span class='ocrx_word' id='word_1_165' title='bbox 550 3413 634 3476; x_wconf 84' lang='lat' dir='ltr'>ierint</span> <span class='ocrx_word' id='word_1_166' title='bbox 648 3415 794 3477; x_wconf 83' lang='lat' dir='ltr'>sentencie</span> <span class='ocrx_word' id='word_1_167' title='bbox 809 3433 894 3495; x_wconf 84' lang='lat' dir='ltr'>quem</span> <span class='ocrx_word' id='word_1_168' title='bbox 909 3414 974 3476; x_wconf 91' lang='lat' dir='ltr'>tulit</span> <span class='ocrx_word' id='word_1_169' title='bbox 987 3417 1092 3498; x_wconf 88' lang='lat' dir='ltr'>ipsum.</span> 
     </span>
     <span class='ocr_line' id='line_1_27' title="bbox 354 3535 1045 3599; baseline 0 -1"><span class='ocrx_word' id='word_1_170' title='bbox 354 3535 386 3598; x_wconf 90' lang='lat' dir='ltr'>Si</span> <span class='ocrx_word' id='word_1_171' title='bbox 401 3555 453 3598; x_wconf 92' lang='lat' dir='ltr'>nos</span> <span class='ocrx_word' id='word_1_172' title='bbox 469 3555 533 3598; x_wconf 93' lang='lat' dir='ltr'>cum</span> <span class='ocrx_word' id='word_1_173' title='bbox 549 3535 644 3597; x_wconf 87' lang='lat' dir='ltr'>Lociis</span> <span class='ocrx_word' id='word_1_174' title='bbox 659 3537 713 3597; x_wconf 93' lang='lat' dir='ltr'>sub</span> <span class='ocrx_word' id='word_1_175' title='bbox 728 3535 829 3598; x_wconf 86' lang='lat' dir='ltr'>eodem</span> <span class='ocrx_word' id='word_1_176' title='bbox 843 3541 935 3598; x_wconf 84' lang='lat' dir='ltr'>marte</span> <span class='ocrx_word' id='word_1_177' title='bbox 949 3537 1045 3599; x_wconf 85' lang='lat' dir='ltr'>venire</span> 
     </span>
     <span class='ocr_line' id='line_1_28' title="bbox 355 3655 1034 3737; baseline 0.001 -21"><span class='ocrx_word' id='word_1_178' title='bbox 355 3655 529 3736; x_wconf 80' lang='lat' dir='ltr'>Contigerit,</span> <span class='ocrx_word' id='word_1_179' title='bbox 547 3655 624 3736; x_wconf 91' lang='lat' dir='ltr'>quod</span> <span class='ocrx_word' id='word_1_180' title='bbox 638 3655 785 3737; x_wconf 85' lang='lat' dir='ltr'>precipuis</span> <span class='ocrx_word' id='word_1_181' title='bbox 801 3657 935 3720; x_wconf 89' lang='lat' dir='ltr'>desidero</span> <span class='ocrx_word' id='word_1_182' title='bbox 950 3658 1034 3734; x_wconf 84' lang='lat' dir='ltr'>votis,</span> 
     </span>
     <span class='ocr_line' id='line_1_29' title="bbox 355 3776 1113 3858; baseline 0.005 -20"><span class='ocrx_word' id='word_1_183' title='bbox 355 3776 450 3848; x_wconf 84' lang='lat' dir='ltr'>Quem</span> <span class='ocrx_word' id='word_1_184' title='bbox 464 3777 550 3839; x_wconf 92' lang='lat' dir='ltr'>michi</span> <span class='ocrx_word' id='word_1_185' title='bbox 563 3777 680 3840; x_wconf 78' lang='lat' dir='ltr'>libertos</span> <span class='ocrx_word' id='word_1_186' title='bbox 694 3777 807 3858; x_wconf 86' lang='lat' dir='ltr'>plucont</span> <span class='ocrx_word' id='word_1_187' title='bbox 821 3797 906 3858; x_wconf 84' lang='lat' dir='ltr'>quern</span> <span class='ocrx_word' id='word_1_188' title='bbox 921 3779 1002 3842; x_wconf 85' lang='lat' dir='ltr'>triste</span> <span class='ocrx_word' id='word_1_189' title='bbox 1017 3779 1113 3842; x_wconf 86' lang='lat' dir='ltr'>subire</span> 
     </span>
     <span class='ocr_line' id='line_1_30' title="bbox 353 3897 1050 3982; baseline 0.004 -23"><span class='ocrx_word' id='word_1_190' title='bbox 353 3897 398 3959; x_wconf 91' lang='lat' dir='ltr'>Sit</span> <span class='ocrx_word' id='word_1_191' title='bbox 411 3897 514 3959; x_wconf 80' lang='lat' dir='ltr'>servile</span> <span class='ocrx_word' id='word_1_192' title='bbox 525 3897 641 3978; x_wconf 81' lang='lat' dir='ltr'>jugum,</span> <span class='ocrx_word' id='word_1_193' title='bbox 657 3897 756 3977; x_wconf 79' lang='lat' dir='ltr'>gladio</span> <span class='ocrx_word' id='word_1_194' title='bbox 769 3903 894 3961; x_wconf 82' lang='lat' dir='ltr'>testante</span> <span class='ocrx_word' id='word_1_195' title='bbox 908 3901 1050 3982; x_wconf 81' lang='lat' dir='ltr'>probabo.</span> 
     </span>
     <span class='ocr_line' id='line_1_31' title="bbox 352 4017 1083 4100; baseline 0.003 -20"><span class='ocrx_word' id='word_1_196' title='bbox 352 4017 563 4098; x_wconf 80' lang='lat' dir='ltr'>Aggrediamur</span> <span class='ocrx_word' id='word_1_197' title='bbox 577 4038 638 4093; x_wconf 89' lang='lat' dir='ltr'>eos,</span> <span class='ocrx_word' id='word_1_198' title='bbox 656 4037 690 4078; x_wconf 88' lang='lat' dir='ltr'>nc</span> <span class='ocrx_word' id='word_1_199' title='bbox 704 4037 757 4080; x_wconf 89' lang='lat' dir='ltr'>uos</span> <span class='ocrx_word' id='word_1_200' title='bbox 771 4019 851 4099; x_wconf 90' lang='lat' dir='ltr'>prius</span> <span class='ocrx_word' id='word_1_201' title='bbox 866 4019 1083 4100; x_wconf 78' lang='lat' dir='ltr'>aggredientur.</span> 
     </span>
    </p>
   </div>
   <div class='ocr_carea' id='block_1_4' title="bbox 0 0 1618 5168">
    <p class='ocr_par' dir='ltr' id='par_1_4' title="bbox 0 0 1618 5168">
     <span class='ocr_line' id='line_1_32' title="bbox 0 0 1618 5168; baseline 0 0"><span class='ocrx_word' id='word_1_202' title='bbox 0 0 1618 5168; x_wconf 95' lang='lat' dir='ltr'> </span> 
     </span>
    </p>
   </div>
  </div>
 </body>
</html>
