3226 5168
609 557 710 600 ttuuu
731 556 911 601 SEPTlllUS.

245 669 368 732 Obsidet
382 671 506 747 Arturus
519 669 618 730 hostes
633 672 677 728 tcr
691 667 817 746 quinque
832 666 945 728 diebus.

243 790 435 872 Perpessique
449 791 552 852 lumem
568 793 692 872 pereunt
704 788 742 850 ed
756 788 832 850 miliu
847 788 935 864 Secti,

244 910 316 973 Cum
332 910 501 973 Gillominus
516 909 552 972 de
566 907 673 972 linibus
687 909 745 971 exit
759 909 914 990 Hybernis‚

243 1030 413 1111 illectosque
427 1030 505 1092 viros
520 1031 602 1112 regni
617 1049 682 1092 cum
697 1030 789 1092 classe
804 1035 905 1111 purete

243 1151 333 1214 Ducit
345 1151 374 1214 in
390 1153 539 1214 Artnrum.
583 1152 644 1214 Rex
659 1150 767 1213 deserit
781 1151 971 1228 obsidionem,

243 1274 338 1353 Atque
351 1273 380 1336 in
394 1275 599 1356 llyberncnses
612 1273 720 1336 serrum
734 1272 888 1353 convertit,
903 1292 1010 1354 eosque

244 1392 370 1456 Cedibus
382 1394 501 1456 allectos
515 1397 592 1455 retro
608 1392 678 1455 dere
692 1393 812 1455 carbsss
826 1393 915 1473 cogit.

245 1513 313 1576 lnde
326 1513 413 1590 redit,
430 1514 591 1594 Scotosqne
604 1513 688 1596 petit,
705 1532 770 1575 cum
785 1513 871 1575 turbu
884 1511 977 1576 tidelis

241 1633 469 1716 Pontificumque
482 1635 620 1715 clerique,
636 1653 719 1697 sucro
734 1635 873 1696 velamine
887 1639 974 1710 mets,

242 1756 327 1818 Nuda
341 1756 445 1838 pedes,
461 1775 535 1839 puro
550 1761 670 1839 portnns
685 1755 855 1819 abscondite
868 1756 896 1818 in
912 1775 983 1818 suro

242 1875 564 1958 commessatorum,
580 1877 700 1958 simplex
714 1876 897 1956 humilisque,
912 1877 1017 1938 serenti

243 1997 361 2073 obviat,
377 2003 407 2059 et
420 1995 500 2059 llexis
514 1997 638 2078 genibus
654 1997 837 2075 lacrimisque
850 1996 977 2078 profusis

242 2117 289 2178 Sic
304 2117 344 2178 nit
361 2138 367 2176 ε
383 2117 399 2142 “
412 2116 438 2180 O
449 2116 588 2198 juvenum
602 2115 768 2192 fortissime,
782 2116 904 2178 mnxime
918 2135 1030 2198 regum,

244 2237 337 2308 Quem
352 2237 441 2299 virtus
456 2236 562 2299 invicte
574 2239 710 2318 probent,
725 2255 809 2317 quem
824 2237 918 2316 grstia
932 2237 1038 2300 Christi

241 2357 349 2434 Mitem,
366 2375 450 2436 quem
465 2357 553 2419 lucies
565 2357 712 2438 placitum,
730 2375 815 2436 quem
827 2356 927 2437 lingue
942 2356 1080 2421 disertum

242 2477 380 2554 Ruborem
397 2477 500 2540 excudi
514 2477 650 2557 gemitum
664 2476 807 2557 tletusqnc
819 2482 989 2558 precantum

243 2597 350 2660 Christi
364 2616 527 2673 servorum
542 2597 654 2660 miseris
668 2597 803 2660 miserere
816 2615 979 2679 precamur.

244 2720 337 2791 Quam
351 2737 482 2781 meruere
495 2719 566 2800 peti,
582 2738 685 2802 penum
699 2721 813 2782 subiere
828 2723 974 2782 nocentes.

242 2841 321 2902 Pena
335 2839 394 2902 doli
406 2839 499 2901 tenuit
513 2843 660 2916 auctorem
677 2859 730 2901 ncc
743 2839 810 2902 licet
823 2841 898 2902 ultre

242 2959 407 3022 Vindictam
421 2959 536 3022 extendi
551 2977 636 3040 quum
650 2960 708 3022 sint
722 2960 826 3022 delicte
840 2965 968 3042 repertu.

243 3081 408 3144 Subicimus
421 3081 473 3142 tibi
487 3101 551 3158 nos,
565 3087 617 3144 tue
629 3083 668 3144 sit
681 3082 829 3164 provincis
842 3100 973 3163 presens,

242 3202 277 3262 Et
290 3207 340 3263 tun
353 3207 383 3263 te
396 3201 488 3283 pietes
504 3202 609 3278 vincat,
626 3204 673 3282 qui
688 3207 784 3266 cetera
798 3203 899 3264 vincis.
913 3202 928 3226 ’²

242 3322 370 3385 Fletibus
385 3322 439 3384 hiis
453 3327 548 3384 motus
563 3324 623 3400 flet,
640 3325 754 3406 etipse,
771 3325 884 3407 piisque
897 3327 1010 3407 piorum

241 3441 379 3505 Devictus
394 3443 541 3524 precibus,
557 3443 630 3506 votis
643 3443 775 3524 indulget
789 3465 898 3507 eorum.

241 3562 312 3624 lude
325 3582 416 3645 nepos
431 3564 519 3644 regis,
535 3583 586 3625 rex
602 3565 805 3626 Armoricunus
820 3568 938 3643 Hosius,

242 3681 369 3746 Predicti
384 3684 478 3765 stagni
493 3704 595 3766 rupes,
611 3685 694 3748 nidos
709 3686 880 3765 aquilarum,

242 3805 394 3880 lnsnlnlss‚
408 3804 510 3867 fluvios
525 3825 657 3882 cernens,
672 3806 807 3883 miratum
822 3813 852 3868 st
866 3808 906 3870 illi

241 3923 291 3986 Sic
305 3923 345 3985 uit
359 3927 483 3986 Artnrus
500 3947 506 3985 :
523 3925 539 3950 “
550 3927 642 4007 lingis
656 3932 702 3988 est
713 3927 842 3989 mirabile
854 3933 986 4008 stagnum

242 4045 317 4106 llsnt
331 4047 433 4126 procul
446 4045 512 4108 hinc
526 4047 647 4124 distans,
665 4049 748 4130 cnjus
763 4053 866 4110 nutura
880 4049 1023 4129 stupenda
1037 4055 1091 4112 est.

241 4165 420 4247 Dispositnm
434 4167 463 4227 in
476 4167 586 4248 quadro
601 4177 655 4245 est,
671 4187 727 4230 non
741 4167 855 4248 longius
870 4147 936 4230 esse
949 4168 1063 4230 videtur
