<?xml version="1.0" encoding="UTF-8"?>
<!DOCTYPE html PUBLIC "-//W3C//DTD XHTML 1.0 Transitional//EN"
    "http://www.w3.org/TR/xhtml1/DTD/xhtml1-transitional.dtd">
<html xmlns="http://www.w3.org/1999/xhtml" xml:lang="en" lang="en">
 <head>
  <title>
</title>
<meta http-equiv="Content-Type" content="text/html;charset=utf-8" />
  <meta name='ocr-system' content='tesseract 3.04.00' />
  <meta name='ocr-capabilities' content='ocr_page ocr_carea ocr_par ocr_line ocrx_word'/>
</head>
<body>
  <div class='ocr_page' id='page_1' title='image "./gestaregumbrita00assogoog_0111.png"; bbox 0 0 3226 5168; ppageno 0'>
   <div class='ocr_carea' id='block_1_1' title="bbox 345 495 1095 556">
    <p class='ocr_par' dir='ltr' id='par_1_1' title="bbox 345 495 1095 556">
     <span class='ocr_line' id='line_1_1' title="bbox 345 495 1095 556; baseline -0.011 -2"><span class='ocrx_word' id='word_1_1' title='bbox 345 495 383 556; x_wconf 80' lang='lat'><strong>86</strong></span> <span class='ocrx_word' id='word_1_2' title='bbox 621 507 726 550; x_wconf 80' lang='lat' dir='ltr'><strong>aesna</strong></span> <span class='ocrx_word' id='word_1_3' title='bbox 748 506 862 550; x_wconf 82' lang='lat' dir='ltr'><strong>ueoou</strong></span> <span class='ocrx_word' id='word_1_4' title='bbox 886 505 1095 550; x_wconf 72' lang='lat' dir='ltr'><strong>narrannrn.</strong></span> 
     </span>
    </p>
   </div>
   <div class='ocr_carea' id='block_1_2' title="bbox 344 613 1191 3591">
    <p class='ocr_par' dir='ltr' id='par_1_2' title="bbox 344 613 1191 1182">
     <span class='ocr_line' id='line_1_2' title="bbox 344 613 1099 700; baseline -0.015 -15"><span class='ocrx_word' id='word_1_5' title='bbox 344 621 477 684; x_wconf 88' lang='lat' dir='ltr'><strong>Extitcrit</strong></span> <span class='ocrx_word' id='word_1_6' title='bbox 491 619 614 700; x_wconf 84' lang='lat' dir='ltr'><strong>genitor,</strong></span> <span class='ocrx_word' id='word_1_7' title='bbox 630 618 730 698; x_wconf 80' lang='lat' dir='ltr'>dispar</span> <span class='ocrx_word' id='word_1_8' title='bbox 744 615 890 678; x_wconf 82' lang='lat' dir='ltr'><strong>discordia</strong></span> <span class='ocrx_word' id='word_1_9' title='bbox 904 619 1003 676; x_wconf 88' lang='lat' dir='ltr'><strong>nostra</strong></span> <span class='ocrx_word' id='word_1_10' title='bbox 1015 619 1069 676; x_wconf 87' lang='lat' dir='ltr'><strong>cst.</strong></span> <span class='ocrx_word' id='word_1_11' title='bbox 1084 613 1099 638; x_wconf 91' lang='lat'><strong>”</strong></span> 
     </span>
     <span class='ocr_line' id='line_1_3' title="bbox 348 733 1032 816; baseline -0.018 -10"><span class='ocrx_word' id='word_1_12' title='bbox 348 744 405 816; x_wconf 89' lang='lat' dir='ltr'><strong>Qui</strong></span> <span class='ocrx_word' id='word_1_13' title='bbox 419 741 499 805; x_wconf 89' lang='lat' dir='ltr'><strong>missi</strong></span> <span class='ocrx_word' id='word_1_14' title='bbox 512 741 635 814; x_wconf 89' lang='lat' dir='ltr'><strong>lucrant,</strong></span> <span class='ocrx_word' id='word_1_15' title='bbox 650 735 753 800; x_wconf 88' lang='lat' dir='ltr'><strong>animis</strong></span> <span class='ocrx_word' id='word_1_16' title='bbox 766 733 931 809; x_wconf 72' lang='lat' dir='ltr'>letantibus,</span> <span class='ocrx_word' id='word_1_17' title='bbox 947 753 1032 796; x_wconf 88' lang='lat' dir='ltr'><strong>aures</strong></span> 
     </span>
     <span class='ocr_line' id='line_1_4' title="bbox 347 853 1191 937; baseline -0.012 -11"><span class='ocrx_word' id='word_1_18' title='bbox 347 865 408 926; x_wconf 87' lang='lat' dir='ltr'><strong>lliis</strong></span> <span class='ocrx_word' id='word_1_19' title='bbox 420 861 557 925; x_wconf 86' lang='lat' dir='ltr'><strong>adhibent</strong></span> <span class='ocrx_word' id='word_1_20' title='bbox 572 858 677 937; x_wconf 87' lang='lat' dir='ltr'><strong>verbis,</strong></span> <span class='ocrx_word' id='word_1_21' title='bbox 692 856 851 936; x_wconf 83' lang='lat' dir='ltr'><strong>dicuntque</strong></span> <span class='ocrx_word' id='word_1_22' title='bbox 867 877 873 915; x_wconf 90' lang='lat'>:</span> <span class='ocrx_word' id='word_1_23' title='bbox 892 855 906 879; x_wconf 85' lang='lat'><em>“</em></span> <span class='ocrx_word' id='word_1_24' title='bbox 919 853 978 926; x_wconf 90' lang='lat' dir='ltr'><strong>Qui</strong></span> <span class='ocrx_word' id='word_1_25' title='bbox 991 861 1035 916; x_wconf 87' lang='lat' dir='ltr'><strong>cst</strong></span> <span class='ocrx_word' id='word_1_26' title='bbox 1049 874 1122 936; x_wconf 82' lang='lat' dir='ltr'><strong>puer</strong></span> <span class='ocrx_word' id='word_1_27' title='bbox 1137 855 1191 916; x_wconf 88' lang='lat' dir='ltr'><strong>iste</strong></span> 
     </span>
     <span class='ocr_line' id='line_1_5' title="bbox 349 977 1084 1064; baseline -0.015 -15"><span class='ocrx_word' id='word_1_28' title='bbox 349 987 406 1060; x_wconf 90' lang='lat' dir='ltr'><strong>Qui</strong></span> <span class='ocrx_word' id='word_1_29' title='bbox 419 982 481 1046; x_wconf 89' lang='lat' dir='ltr'><strong>sine</strong></span> <span class='ocrx_word' id='word_1_30' title='bbox 495 987 578 1064; x_wconf 90' lang='lat' dir='ltr'><strong>patre</strong></span> <span class='ocrx_word' id='word_1_31' title='bbox 591 984 671 1043; x_wconf 88' lang='lat' dir='ltr'><strong>satus</strong></span> <span class='ocrx_word' id='word_1_32' title='bbox 684 981 787 1054; x_wconf 85' lang='lat' dir='ltr'><strong>fertur,</strong></span> <span class='ocrx_word' id='word_1_33' title='bbox 804 998 850 1039; x_wconf 89' lang='lat' dir='ltr'><strong>res</strong></span> <span class='ocrx_word' id='word_1_34' title='bbox 864 977 938 1038; x_wconf 90' lang='lat' dir='ltr'><strong>mira</strong></span> <span class='ocrx_word' id='word_1_35' title='bbox 950 978 1058 1038; x_wconf 88' lang='lat' dir='ltr'><strong>relatu?</strong></span> <span class='ocrx_word' id='word_1_36' title='bbox 1070 977 1084 1000; x_wconf 88' lang='lat'><strong>’&#39;</strong></span> 
     </span>
     <span class='ocr_line' id='line_1_6' title="bbox 347 1097 1011 1182; baseline -0.021 -11"><span class='ocrx_word' id='word_1_37' title='bbox 347 1109 482 1171; x_wconf 82' lang='lat' dir='ltr'><strong>dstantes</strong></span> <span class='ocrx_word' id='word_1_38' title='bbox 495 1104 576 1166; x_wconf 90' lang='lat' dir='ltr'><strong>aiunt</strong></span> <span class='ocrx_word' id='word_1_39' title='bbox 592 1123 598 1163; x_wconf 92' lang='lat'>:</span> <span class='ocrx_word' id='word_1_40' title='bbox 616 1101 630 1126; x_wconf 80' lang='lat'><strong>&#39;¹</strong></span> <span class='ocrx_word' id='word_1_41' title='bbox 642 1101 744 1164; x_wconf 90' lang='lat' dir='ltr'><strong>Nullus</strong></span> <span class='ocrx_word' id='word_1_42' title='bbox 759 1104 843 1182; x_wconf 88' lang='lat' dir='ltr'><strong>pater</strong></span> <span class='ocrx_word' id='word_1_43' title='bbox 856 1098 949 1160; x_wconf 79' lang='lat' dir='ltr'><strong>extitit</strong></span> <span class='ocrx_word' id='word_1_44' title='bbox 961 1097 1011 1158; x_wconf 92' lang='lat' dir='ltr'><strong>illi.</strong></span> 
     </span>
    </p>

    <p class='ocr_par' dir='ltr' id='par_1_3' title="bbox 347 1220 982 1304">
     <span class='ocr_line' id='line_1_7' title="bbox 347 1220 982 1304; baseline -0.016 -13"><span class='ocrx_word' id='word_1_45' title='bbox 347 1229 418 1292; x_wconf 87' lang='lat' dir='ltr'><strong>Filia</strong></span> <span class='ocrx_word' id='word_1_46' title='bbox 431 1224 566 1289; x_wconf 83' lang='lat' dir='ltr'><strong>Domecie</strong></span> <span class='ocrx_word' id='word_1_47' title='bbox 580 1223 670 1304; x_wconf 84' lang='lat' dir='ltr'><strong>regis,</strong></span> <span class='ocrx_word' id='word_1_48' title='bbox 686 1243 742 1302; x_wconf 85' lang='lat' dir='ltr'><strong>que</strong></span> <span class='ocrx_word' id='word_1_49' title='bbox 756 1223 810 1284; x_wconf 92' lang='lat' dir='ltr'><strong>sub</strong></span> <span class='ocrx_word' id='word_1_50' title='bbox 824 1220 982 1284; x_wconf 80' lang='lat' dir='ltr'>monachali</span> 
     </span>
    </p>

    <p class='ocr_par' dir='ltr' id='par_1_4' title="bbox 346 1341 1092 2146">
     <span class='ocr_line' id='line_1_8' title="bbox 346 1341 1092 1424; baseline -0.012 -12"><span class='ocrx_word' id='word_1_51' title='bbox 346 1351 436 1412; x_wconf 86' lang='lat' dir='ltr'><strong>Veste</strong></span> <span class='ocrx_word' id='word_1_52' title='bbox 449 1347 529 1420; x_wconf 90' lang='lat' dir='ltr'><strong>latet,</strong></span> <span class='ocrx_word' id='word_1_53' title='bbox 546 1345 639 1407; x_wconf 89' lang='lat' dir='ltr'><strong>coitus</strong></span> <span class='ocrx_word' id='word_1_54' title='bbox 654 1342 740 1405; x_wconf 90' lang='lat' dir='ltr'><strong>maris</strong></span> <span class='ocrx_word' id='word_1_55' title='bbox 754 1362 857 1424; x_wconf 81' lang='lat' dir='ltr'><strong>expers</strong></span> <span class='ocrx_word' id='word_1_56' title='bbox 870 1341 962 1403; x_wconf 78' lang='lat' dir='ltr'><strong>edidit</strong></span> <span class='ocrx_word' id='word_1_57' title='bbox 974 1341 1063 1404; x_wconf 90' lang='lat' dir='ltr'><strong>illum.</strong></span> <span class='ocrx_word' id='word_1_58' title='bbox 1078 1341 1092 1364; x_wconf 90' lang='grc'><em>”</em></span> 
     </span>
     <span class='ocr_line' id='line_1_9' title="bbox 347 1462 1058 1546; baseline -0.013 -14"><span class='ocrx_word' id='word_1_59' title='bbox 347 1470 417 1532; x_wconf 88' lang='lat' dir='ltr'><strong>lude</strong></span> <span class='ocrx_word' id='word_1_60' title='bbox 431 1468 539 1530; x_wconf 91' lang='lat' dir='ltr'><strong>adeunt</strong></span> <span class='ocrx_word' id='word_1_61' title='bbox 551 1464 630 1527; x_wconf 90' lang='lat' dir='ltr'><strong>urbis</strong></span> <span class='ocrx_word' id='word_1_62' title='bbox 645 1465 815 1546; x_wconf 78' lang='lat' dir='ltr'><strong>prefectum,</strong></span> <span class='ocrx_word' id='word_1_63' title='bbox 825 1463 966 1544; x_wconf 87' lang='lat' dir='ltr'><strong>jussaque</strong></span> <span class='ocrx_word' id='word_1_64' title='bbox 980 1462 1058 1544; x_wconf 83' lang='lat' dir='ltr'><strong>regis</strong></span> 
     </span>
     <span class='ocr_line' id='line_1_10' title="bbox 346 1583 980 1672; baseline -0.013 -20"><span class='ocrx_word' id='word_1_65' title='bbox 346 1591 499 1672; x_wconf 88' lang='lat' dir='ltr'><strong>Exponunt</strong></span> <span class='ocrx_word' id='word_1_66' title='bbox 512 1585 564 1647; x_wconf 92' lang='lat' dir='ltr'><strong>illi.</strong></span> <span class='ocrx_word' id='word_1_67' title='bbox 607 1584 755 1646; x_wconf 82' lang='lat' dir='ltr'><strong>Proiectus</strong></span> <span class='ocrx_word' id='word_1_68' title='bbox 769 1583 859 1645; x_wconf 88' lang='lat' dir='ltr'><strong>tradit</strong></span> <span class='ocrx_word' id='word_1_69' title='bbox 872 1583 980 1644; x_wconf 91' lang='lat' dir='ltr'><strong>eisdem</strong></span> 
     </span>
     <span class='ocr_line' id='line_1_11' title="bbox 347 1702 1048 1784; baseline -0.013 -11"><span class='ocrx_word' id='word_1_70' title='bbox 347 1709 497 1774; x_wconf 73' lang='lat' dir='ltr'><strong>Merinum</strong></span> <span class='ocrx_word' id='word_1_71' title='bbox 512 1725 576 1768; x_wconf 86' lang='lat' dir='ltr'><strong>cunr</strong></span> <span class='ocrx_word' id='word_1_72' title='bbox 591 1709 759 1780; x_wconf 89' lang='lat' dir='ltr'><strong>matresua,</strong></span> <span class='ocrx_word' id='word_1_73' title='bbox 775 1721 848 1783; x_wconf 85' lang='lat' dir='ltr'><strong>quos</strong></span> <span class='ocrx_word' id='word_1_74' title='bbox 863 1702 996 1784; x_wconf 89' lang='lat' dir='ltr'><strong>protinus</strong></span> <span class='ocrx_word' id='word_1_75' title='bbox 1009 1702 1048 1764; x_wconf 92' lang='lat' dir='ltr'><strong>illi</strong></span> 
     </span>
     <span class='ocr_line' id='line_1_12' title="bbox 347 1823 1058 1904; baseline -0.011 -12"><span class='ocrx_word' id='word_1_76' title='bbox 347 1828 394 1892; x_wconf 82' lang='lat' dir='ltr'><strong>Ad</strong></span> <span class='ocrx_word' id='word_1_77' title='bbox 407 1828 516 1890; x_wconf 84' lang='lat' dir='ltr'><strong>vultum</strong></span> <span class='ocrx_word' id='word_1_78' title='bbox 530 1825 608 1904; x_wconf 85' lang='lat' dir='ltr'><strong>regis</strong></span> <span class='ocrx_word' id='word_1_79' title='bbox 621 1825 760 1887; x_wconf 84' lang='lat' dir='ltr'><strong>referunt.</strong></span> <span class='ocrx_word' id='word_1_80' title='bbox 803 1825 864 1886; x_wconf 84' lang='lat' dir='ltr'><strong>ller</strong></span> <span class='ocrx_word' id='word_1_81' title='bbox 878 1839 948 1901; x_wconf 83' lang='lat' dir='ltr'><strong>ergo</strong></span> <span class='ocrx_word' id='word_1_82' title='bbox 962 1823 1058 1902; x_wconf 88' lang='lat' dir='ltr'><strong>puelle</strong></span> 
     </span>
     <span class='ocr_line' id='line_1_13' title="bbox 346 1943 1028 2028; baseline -0.012 -17"><span class='ocrx_word' id='word_1_83' title='bbox 346 1949 465 2010; x_wconf 90' lang='lat' dir='ltr'><strong>Vultum</strong></span> <span class='ocrx_word' id='word_1_84' title='bbox 480 1945 671 2028; x_wconf 78' lang='lat' dir='ltr'><strong>conspiciens,</strong></span> <span class='ocrx_word' id='word_1_85' title='bbox 689 1965 723 2006; x_wconf 86' lang='lat' dir='ltr'><strong>ex</strong></span> <span class='ocrx_word' id='word_1_86' title='bbox 736 1944 801 2026; x_wconf 92' lang='lat' dir='ltr'><strong>ipso</strong></span> <span class='ocrx_word' id='word_1_87' title='bbox 815 1943 939 2026; x_wconf 77' lang='lat' dir='ltr'><strong>percipit</strong></span> <span class='ocrx_word' id='word_1_88' title='bbox 953 1944 1028 2006; x_wconf 87' lang='lat' dir='ltr'><strong>illam</strong></span> 
     </span>
     <span class='ocr_line' id='line_1_14' title="bbox 348 2063 976 2146; baseline -0.01 -14"><span class='ocrx_word' id='word_1_89' title='bbox 348 2069 449 2132; x_wconf 90' lang='lat' dir='ltr'><strong>Ortam</strong></span> <span class='ocrx_word' id='word_1_90' title='bbox 464 2066 622 2140; x_wconf 90' lang='lat' dir='ltr'><strong>nobilibus;</strong></span> <span class='ocrx_word' id='word_1_91' title='bbox 640 2065 735 2144; x_wconf 88' lang='lat' dir='ltr'><strong>querit</strong></span> <span class='ocrx_word' id='word_1_92' title='bbox 749 2084 806 2144; x_wconf 89' lang='lat' dir='ltr'><strong>quo</strong></span> <span class='ocrx_word' id='word_1_93' title='bbox 821 2063 895 2126; x_wconf 86' lang='lat' dir='ltr'><strong>lilius</strong></span> <span class='ocrx_word' id='word_1_94' title='bbox 910 2065 976 2146; x_wconf 87' lang='lat' dir='ltr'><strong>ejus</strong></span> 
     </span>
    </p>

    <p class='ocr_par' dir='ltr' id='par_1_5' title="bbox 346 2185 1124 3229">
     <span class='ocr_line' id='line_1_15' title="bbox 346 2185 1124 2266; baseline -0.005 -16"><span class='ocrx_word' id='word_1_95' title='bbox 346 2189 433 2250; x_wconf 86' lang='lat' dir='ltr'><strong>Patre</strong></span> <span class='ocrx_word' id='word_1_96' title='bbox 448 2191 528 2249; x_wconf 88' lang='lat' dir='ltr'><strong>satus</strong></span> <span class='ocrx_word' id='word_1_97' title='bbox 542 2185 640 2248; x_wconf 87' lang='lat' dir='ltr'><strong>luerit.</strong></span> <span class='ocrx_word' id='word_1_98' title='bbox 683 2186 851 2266; x_wconf 74' lang='lat' dir='ltr'><strong>Respondet</strong></span> <span class='ocrx_word' id='word_1_99' title='bbox 868 2208 874 2245; x_wconf 97' lang='lat'>:</span> <span class='ocrx_word' id='word_1_100' title='bbox 892 2185 1021 2248; x_wconf 77' lang='lat' dir='ltr'><strong>“Vivere</strong></span> <span class='ocrx_word' id='word_1_101' title='bbox 1036 2191 1124 2263; x_wconf 88' lang='lat' dir='ltr'><strong>caste,</strong></span> 
     </span>
     <span class='ocr_line' id='line_1_16' title="bbox 347 2305 1001 2387; baseline -0.005 -18"><span class='ocrx_word' id='word_1_102' title='bbox 347 2305 515 2387; x_wconf 82' lang='lat' dir='ltr'><strong>Virginibus</strong></span> <span class='ocrx_word' id='word_1_103' title='bbox 529 2305 638 2368; x_wconf 86' lang='lat' dir='ltr'><strong>sociata</strong></span> <span class='ocrx_word' id='word_1_104' title='bbox 651 2305 754 2380; x_wconf 87' lang='lat' dir='ltr'><strong>sacris,</strong></span> <span class='ocrx_word' id='word_1_105' title='bbox 771 2325 788 2366; x_wconf 93' lang='lat' dir='ltr'><strong>a</strong></span> <span class='ocrx_word' id='word_1_106' title='bbox 801 2305 911 2385; x_wconf 82' lang='lat' dir='ltr'><strong>virgine</strong></span> <span class='ocrx_word' id='word_1_107' title='bbox 925 2305 1001 2386; x_wconf 83' lang='lat' dir='ltr'><strong>cepi.</strong></span> 
     </span>
     <span class='ocr_line' id='line_1_17' title="bbox 347 2423 1029 2505; baseline -0.004 -16"><span class='ocrx_word' id='word_1_108' title='bbox 347 2429 471 2502; x_wconf 87' lang='lat' dir='ltr'><strong>interea,</strong></span> <span class='ocrx_word' id='word_1_109' title='bbox 486 2423 618 2487; x_wconf 83' lang='lat' dir='ltr'><strong>thalamis</strong></span> <span class='ocrx_word' id='word_1_110' title='bbox 634 2425 738 2487; x_wconf 85' lang='lat' dir='ltr'><strong>clausis</strong></span> <span class='ocrx_word' id='word_1_111' title='bbox 752 2425 902 2505; x_wconf 82' lang='lat' dir='ltr'><strong>portisque</strong></span> <span class='ocrx_word' id='word_1_112' title='bbox 916 2425 1029 2496; x_wconf 83' lang='lat' dir='ltr'><strong>seratis,</strong></span> 
     </span>
     <span class='ocr_line' id='line_1_18' title="bbox 349 2544 1093 2628; baseline 0 -20"><span class='ocrx_word' id='word_1_113' title='bbox 349 2547 474 2620; x_wconf 86' lang='lat' dir='ltr'><strong>Quidam</strong></span> <span class='ocrx_word' id='word_1_114' title='bbox 490 2547 544 2608; x_wconf 89' lang='lat' dir='ltr'><strong>sub</strong></span> <span class='ocrx_word' id='word_1_115' title='bbox 558 2544 656 2628; x_wconf 88' lang='lat' dir='ltr'><strong>specie</strong></span> <span class='ocrx_word' id='word_1_116' title='bbox 666 2545 792 2627; x_wconf 89' lang='lat' dir='ltr'><strong>juvenis,</strong></span> <span class='ocrx_word' id='word_1_117' title='bbox 809 2545 1018 2626; x_wconf 88' lang='lat' dir='ltr'><strong>pulcherrimus</strong></span> <span class='ocrx_word' id='word_1_118' title='bbox 1033 2567 1093 2623; x_wconf 88' lang='lat' dir='ltr'><strong>ore,</strong></span> 
     </span>
     <span class='ocr_line' id='line_1_19' title="bbox 347 2665 1058 2748; baseline -0.006 -17"><span class='ocrx_word' id='word_1_119' title='bbox 347 2671 379 2731; x_wconf 91' lang='lat' dir='ltr'><strong>lu</strong></span> <span class='ocrx_word' id='word_1_120' title='bbox 393 2666 504 2730; x_wconf 88' lang='lat' dir='ltr'><strong>cunctis</strong></span> <span class='ocrx_word' id='word_1_121' title='bbox 518 2665 661 2748; x_wconf 89' lang='lat' dir='ltr'><strong>placidus,</strong></span> <span class='ocrx_word' id='word_1_122' title='bbox 677 2684 773 2728; x_wconf 90' lang='lat' dir='ltr'><strong>coram</strong></span> <span class='ocrx_word' id='word_1_123' title='bbox 787 2685 832 2727; x_wconf 88' lang='lat' dir='ltr'><strong>rne</strong></span> <span class='ocrx_word' id='word_1_124' title='bbox 846 2672 923 2728; x_wconf 86' lang='lat' dir='ltr'><strong>stare</strong></span> <span class='ocrx_word' id='word_1_125' title='bbox 937 2667 1058 2742; x_wconf 81' lang='lat' dir='ltr'><strong>solebat,</strong></span> 
     </span>
     <span class='ocr_line' id='line_1_20' title="bbox 348 2784 1041 2870; baseline -0.003 -20"><span class='ocrx_word' id='word_1_126' title='bbox 348 2790 384 2850; x_wconf 86' lang='lat' dir='ltr'><strong>Et</strong></span> <span class='ocrx_word' id='word_1_127' title='bbox 397 2786 521 2869; x_wconf 89' lang='lat' dir='ltr'><strong>repetita</strong></span> <span class='ocrx_word' id='word_1_128' title='bbox 534 2785 619 2848; x_wconf 91' lang='lat' dir='ltr'><strong>michi</strong></span> <span class='ocrx_word' id='word_1_129' title='bbox 633 2784 703 2847; x_wconf 86' lang='lat' dir='ltr'><strong>dare</strong></span> <span class='ocrx_word' id='word_1_130' title='bbox 716 2786 808 2866; x_wconf 88' lang='lat' dir='ltr'><strong>basia,</strong></span> <span class='ocrx_word' id='word_1_131' title='bbox 824 2786 927 2848; x_wconf 86' lang='lat' dir='ltr'><strong>deinde</strong></span> <span class='ocrx_word' id='word_1_132' title='bbox 938 2787 1041 2870; x_wconf 86' lang='lat' dir='ltr'><strong>jocose</strong></span> 
     </span>
     <span class='ocr_line' id='line_1_21' title="bbox 349 2907 1051 2990; baseline 0.006 -22"><span class='ocrx_word' id='word_1_133' title='bbox 349 2909 465 2970; x_wconf 87' lang='lat' dir='ltr'><strong>Luctari</strong></span> <span class='ocrx_word' id='word_1_134' title='bbox 479 2927 602 2984; x_wconf 86' lang='lat' dir='ltr'><strong>mecum,</strong></span> <span class='ocrx_word' id='word_1_135' title='bbox 618 2907 704 2990; x_wconf 86' lang='lat' dir='ltr'><strong>cujus</strong></span> <span class='ocrx_word' id='word_1_136' title='bbox 717 2908 802 2970; x_wconf 86' lang='lat' dir='ltr'><strong>miehi</strong></span> <span class='ocrx_word' id='word_1_137' title='bbox 816 2909 894 2970; x_wconf 91' lang='lat' dir='ltr'><strong>lucta</strong></span> <span class='ocrx_word' id='word_1_138' title='bbox 907 2910 1051 2989; x_wconf 87' lang='lat' dir='ltr'><strong>placebat.</strong></span> 
     </span>
     <span class='ocr_line' id='line_1_22' title="bbox 349 3025 1053 3109; baseline 0 -19"><span class='ocrx_word' id='word_1_139' title='bbox 349 3029 445 3104; x_wconf 87' lang='lat' dir='ltr'><strong>Victa,</strong></span> <span class='ocrx_word' id='word_1_140' title='bbox 461 3047 513 3090; x_wconf 87' lang='lat' dir='ltr'><strong>nce</strong></span> <span class='ocrx_word' id='word_1_141' title='bbox 528 3028 614 3089; x_wconf 85' lang='lat' dir='ltr'><strong>invite</strong></span> <span class='ocrx_word' id='word_1_142' title='bbox 628 3025 819 3090; x_wconf 86' lang='lat' dir='ltr'><strong>subcumbens</strong></span> <span class='ocrx_word' id='word_1_143' title='bbox 834 3027 890 3088; x_wconf 88' lang='lat' dir='ltr'><strong>vim</strong></span> <span class='ocrx_word' id='word_1_144' title='bbox 905 3028 1053 3109; x_wconf 89' lang='lat' dir='ltr'><strong>paciebar;</strong></span> 
     </span>
     <span class='ocr_line' id='line_1_23' title="bbox 350 3147 974 3229; baseline -0.003 -18"><span class='ocrx_word' id='word_1_145' title='bbox 350 3147 409 3211; x_wconf 89' lang='lat' dir='ltr'><strong>Sed</strong></span> <span class='ocrx_word' id='word_1_146' title='bbox 423 3153 535 3228; x_wconf 81' lang='lat' dir='ltr'><strong>grutam</strong></span> <span class='ocrx_word' id='word_1_147' title='bbox 550 3167 636 3229; x_wconf 87' lang='lat' dir='ltr'><strong>passe</strong></span> <span class='ocrx_word' id='word_1_148' title='bbox 650 3149 754 3210; x_wconf 85' lang='lat' dir='ltr'><strong>violate</strong></span> <span class='ocrx_word' id='word_1_149' title='bbox 769 3168 825 3209; x_wconf 92' lang='lat' dir='ltr'><strong>non</strong></span> <span class='ocrx_word' id='word_1_150' title='bbox 842 3147 974 3209; x_wconf 82' lang='lat' dir='ltr'><strong>violatam</strong></span> 
     </span>
    </p>

    <p class='ocr_par' dir='ltr' id='par_1_6' title="bbox 350 3268 1094 3591">
     <span class='ocr_line' id='line_1_24' title="bbox 351 3268 1017 3350; baseline -0.003 -18"><span class='ocrx_word' id='word_1_151' title='bbox 351 3269 421 3332; x_wconf 88' lang='lat' dir='ltr'><strong>lude</strong></span> <span class='ocrx_word' id='word_1_152' title='bbox 435 3268 600 3345; x_wconf 80' lang='lat' dir='ltr'><strong>recedebat,</strong></span> <span class='ocrx_word' id='word_1_153' title='bbox 617 3274 717 3331; x_wconf 89' lang='lat' dir='ltr'><strong>tenues</strong></span> <span class='ocrx_word' id='word_1_154' title='bbox 732 3268 862 3350; x_wconf 90' lang='lat' dir='ltr'><strong>dilapsus</strong></span> <span class='ocrx_word' id='word_1_155' title='bbox 876 3269 905 3330; x_wconf 93' lang='lat' dir='ltr'><strong>in</strong></span> <span class='ocrx_word' id='word_1_156' title='bbox 920 3288 1017 3344; x_wconf 88' lang='lat' dir='ltr'><strong>auras,</strong></span> 
     </span>
     <span class='ocr_line' id='line_1_25' title="bbox 350 3389 1038 3464; baseline -0.001 -11"><span class='ocrx_word' id='word_1_157' title='bbox 350 3391 430 3453; x_wconf 86' lang='lat' dir='ltr'><strong>More</strong></span> <span class='ocrx_word' id='word_1_158' title='bbox 444 3409 613 3451; x_wconf 85' lang='lat' dir='ltr'><strong>reversurus</strong></span> <span class='ocrx_word' id='word_1_159' title='bbox 627 3390 723 3464; x_wconf 89' lang='lat' dir='ltr'><strong>solito,</strong></span> <span class='ocrx_word' id='word_1_160' title='bbox 740 3389 793 3452; x_wconf 89' lang='lat' dir='ltr'><strong>sed</strong></span> <span class='ocrx_word' id='word_1_161' title='bbox 806 3390 906 3452; x_wconf 76' lang='lat' dir='ltr'><strong>tandm</strong></span> <span class='ocrx_word' id='word_1_162' title='bbox 921 3391 1038 3453; x_wconf 89' lang='lat' dir='ltr'><strong>amanti.</strong></span> 
     </span>
     <span class='ocr_line' id='line_1_26' title="bbox 351 3509 1094 3591; baseline 0.004 -20"><span class='ocrx_word' id='word_1_163' title='bbox 351 3512 410 3572; x_wconf 86' lang='lat' dir='ltr'><strong>Aut</strong></span> <span class='ocrx_word' id='word_1_164' title='bbox 424 3511 477 3571; x_wconf 91' lang='lat' dir='ltr'><strong>hec</strong></span> <span class='ocrx_word' id='word_1_165' title='bbox 491 3529 578 3570; x_wconf 91' lang='lat' dir='ltr'><strong>causa</strong></span> <span class='ocrx_word' id='word_1_166' title='bbox 592 3509 647 3571; x_wconf 90' lang='lat' dir='ltr'><strong>mei</strong></span> <span class='ocrx_word' id='word_1_167' title='bbox 662 3515 762 3591; x_wconf 87' lang='lat' dir='ltr'><strong>partus</strong></span> <span class='ocrx_word' id='word_1_168' title='bbox 777 3510 841 3586; x_wconf 89' lang='lat' dir='ltr'><strong>luit,</strong></span> <span class='ocrx_word' id='word_1_169' title='bbox 858 3516 908 3573; x_wconf 87' lang='lat' dir='ltr'><strong>aut</strong></span> <span class='ocrx_word' id='word_1_170' title='bbox 921 3511 982 3572; x_wconf 87' lang='lat' dir='ltr'><strong>sine</strong></span> <span class='ocrx_word' id='word_1_171' title='bbox 997 3531 1094 3574; x_wconf 86' lang='lat' dir='ltr'><strong>causa.</strong></span> 
     </span>
    </p>
   </div>
   <div class='ocr_carea' id='block_1_3' title="bbox 352 3629 1345 3714">
    <p class='ocr_par' dir='ltr' id='par_1_7' title="bbox 352 3629 1345 3714">
     <span class='ocr_line' id='line_1_27' title="bbox 352 3629 1345 3714; baseline 0.005 -22"><span class='ocrx_word' id='word_1_172' title='bbox 352 3631 434 3692; x_wconf 89' lang='lat' dir='ltr'><strong>Hunc</strong></span> <span class='ocrx_word' id='word_1_173' title='bbox 448 3629 548 3711; x_wconf 90' lang='lat' dir='ltr'><strong>peperi</strong></span> <span class='ocrx_word' id='word_1_174' title='bbox 562 3649 695 3711; x_wconf 87' lang='lat' dir='ltr'><strong>parvum,</strong></span> <span class='ocrx_word' id='word_1_175' title='bbox 712 3651 793 3693; x_wconf 91' lang='lat' dir='ltr'><strong>meus</strong></span> <span class='ocrx_word' id='word_1_176' title='bbox 808 3637 863 3707; x_wconf 90' lang='lat' dir='ltr'><strong>est,</strong></span> <span class='ocrx_word' id='word_1_177' title='bbox 880 3633 981 3713; x_wconf 81' lang='lat' dir='ltr'><strong>ignoro</strong></span> <span class='ocrx_word' id='word_1_178' title='bbox 997 3639 1156 3714; x_wconf 88' lang='lat' dir='ltr'><strong>parentem.</strong></span> <span class='ocrx_word' id='word_1_179' title='bbox 1171 3636 1186 3660; x_wconf 89' lang='lat'><strong>’&#39;</strong></span> <span class='ocrx_word' id='word_1_180' title='bbox 1257 3690 1260 3697; x_wconf 87' lang='lat'>.</span> <span class='ocrx_word' id='word_1_181' title='bbox 1341 3695 1345 3706; x_wconf 74' lang='grc'>,</span> 
     </span>
    </p>
   </div>
   <div class='ocr_carea' id='block_1_4' title="bbox 352 3749 1124 4073">
    <p class='ocr_par' dir='ltr' id='par_1_8' title="bbox 352 3749 1124 4073">
     <span class='ocr_line' id='line_1_28' title="bbox 352 3749 1124 3836; baseline 0.009 -26"><span class='ocrx_word' id='word_1_182' title='bbox 352 3749 484 3811; x_wconf 86' lang='lat' dir='ltr'><strong>Dixerat.</strong></span> <span class='ocrx_word' id='word_1_183' title='bbox 527 3751 597 3812; x_wconf 88' lang='lat' dir='ltr'><strong>lude</strong></span> <span class='ocrx_word' id='word_1_184' title='bbox 610 3770 709 3831; x_wconf 82' lang='lat' dir='ltr'><strong>magos</strong></span> <span class='ocrx_word' id='word_1_185' title='bbox 724 3773 775 3814; x_wconf 86' lang='lat' dir='ltr'><strong>rex</strong></span> <span class='ocrx_word' id='word_1_186' title='bbox 789 3753 913 3814; x_wconf 87' lang='lat' dir='ltr'><strong>consulit</strong></span> <span class='ocrx_word' id='word_1_187' title='bbox 927 3759 956 3814; x_wconf 86' lang='lat' dir='ltr'><strong>et</strong></span> <span class='ocrx_word' id='word_1_188' title='bbox 969 3755 1124 3836; x_wconf 87' lang='lat' dir='ltr'><strong>sopientes,</strong></span> 
     </span>
     <span class='ocr_line' id='line_1_29' title="bbox 354 3869 1006 3941; baseline 0.008 -11"><span class='ocrx_word' id='word_1_189' title='bbox 354 3869 413 3941; x_wconf 85' lang='lat' dir='ltr'><strong>Qui</strong></span> <span class='ocrx_word' id='word_1_190' title='bbox 428 3869 464 3932; x_wconf 92' lang='lat' dir='ltr'><strong>de</strong></span> <span class='ocrx_word' id='word_1_191' title='bbox 478 3870 587 3932; x_wconf 83' lang='lat' dir='ltr'><strong>naturis</strong></span> <span class='ocrx_word' id='word_1_192' title='bbox 601 3891 697 3933; x_wconf 85' lang='lat' dir='ltr'><strong>rerum</strong></span> <span class='ocrx_word' id='word_1_193' title='bbox 711 3871 876 3934; x_wconf 91' lang='lat' dir='ltr'><strong>discernere</strong></span> <span class='ocrx_word' id='word_1_194' title='bbox 890 3879 1006 3935; x_wconf 90' lang='lat' dir='ltr'><strong>norunt.</strong></span> 
     </span>
     <span class='ocr_line' id='line_1_30' title="bbox 354 3989 1091 4073; baseline 0.005 -22"><span class='ocrx_word' id='word_1_195' title='bbox 354 3989 376 4050; x_wconf 87' lang='lat' dir='ltr'>E</span> <span class='ocrx_word' id='word_1_196' title='bbox 391 3989 495 4070; x_wconf 88' lang='lat' dir='ltr'><strong>quibus</strong></span> <span class='ocrx_word' id='word_1_197' title='bbox 510 4009 584 4052; x_wconf 92' lang='lat' dir='ltr'><strong>unus</strong></span> <span class='ocrx_word' id='word_1_198' title='bbox 598 3991 682 4054; x_wconf 88' lang='lat' dir='ltr'><strong>adest</strong></span> <span class='ocrx_word' id='word_1_199' title='bbox 694 3993 872 4073; x_wconf 75' lang='lat' dir='ltr'><strong>Megareius,</strong></span> <span class='ocrx_word' id='word_1_200' title='bbox 888 3993 1020 4056; x_wconf 89' lang='lat' dir='ltr'><strong>omnibus</strong></span> <span class='ocrx_word' id='word_1_201' title='bbox 1034 3993 1091 4056; x_wconf 85' lang='lat' dir='ltr'><strong>illis</strong></span> 
     </span>
    </p>
   </div>
   <div class='ocr_carea' id='block_1_5' title="bbox 355 4110 1222 4200">
    <p class='ocr_par' dir='ltr' id='par_1_9' title="bbox 355 4110 1222 4200">
     <span class='ocr_line' id='line_1_31' title="bbox 355 4110 1222 4200; baseline 0.01 -28"><span class='ocrx_word' id='word_1_202' title='bbox 355 4110 491 4188; x_wconf 89' lang='lat' dir='ltr'><strong>Doctior;</strong></span> <span class='ocrx_word' id='word_1_203' title='bbox 508 4111 663 4193; x_wconf 83' lang='lat' dir='ltr'><strong>alloquitur</strong></span> <span class='ocrx_word' id='word_1_204' title='bbox 676 4113 753 4177; x_wconf 90' lang='lat' dir='ltr'><strong>hunc</strong></span> <span class='ocrx_word' id='word_1_205' title='bbox 766 4134 827 4190; x_wconf 84' lang='lat' dir='ltr'><strong>rex,</strong></span> <span class='ocrx_word' id='word_1_206' title='bbox 844 4117 872 4176; x_wconf 91' lang='lat' dir='ltr'><strong>et</strong></span> <span class='ocrx_word' id='word_1_207' title='bbox 886 4113 982 4196; x_wconf 87' lang='lat' dir='ltr'><strong>querit</strong></span> <span class='ocrx_word' id='word_1_208' title='bbox 995 4135 1031 4176; x_wconf 92' lang='lat' dir='ltr'><strong>an</strong></span> <span class='ocrx_word' id='word_1_209' title='bbox 1044 4113 1117 4180; x_wconf 90' lang='lat' dir='ltr'><strong>illud</strong></span> <span class='ocrx_word' id='word_1_210' title='bbox 1149 4175 1153 4181; x_wconf 90' lang='lat'>.</span> <span class='ocrx_word' id='word_1_211' title='bbox 1218 4195 1222 4200; x_wconf 18' lang='grc' dir='ltr'>ι</span> 
     </span>
    </p>
   </div>
   <div class='ocr_carea' id='block_1_6' title="bbox 0 0 1631 5168">
    <p class='ocr_par' dir='ltr' id='par_1_10' title="bbox 0 0 1631 5168">
     <span class='ocr_line' id='line_1_32' title="bbox 0 0 1631 5168; baseline 0 0"><span class='ocrx_word' id='word_1_212' title='bbox 0 0 1631 5168; x_wconf 95' lang='lat' dir='ltr'><strong> </strong></span> 
     </span>
    </p>
   </div>
  </div>
 </body>
</html>
