3206 5134
564 527 669 574 libb!
689 525 830 574 PMUUS.

183 641 335 724 Hymberti
349 641 469 722 cupiens
482 640 584 704 ulcisci
599 639 669 702 cede
684 643 846 702 nocentum.

223 763 332 826 Brutus
346 767 380 825 ut
393 762 549 826 adrentum
561 761 640 840 regis
654 779 746 842 prope
760 759 841 822 novit
854 759 969 835 adesse,

182 885 215 945 ln
229 885 303 946 benc
315 883 432 947 munitis
446 901 554 964 pueros
568 881 654 944 simul
668 885 697 942 et
709 881 843 942 mutieres

180 1002 313 1067 Navibus
326 1004 458 1080 includit,
473 1009 503 1066 et
516 1022 615 1066 secum
629 1002 709 1064 ducit
721 1001 751 1064 in
764 1002 863 1063 hostes

181 1125 298 1188 Eiectos
313 1126 350 1187 de
364 1129 450 1206 gente
463 1143 525 1188 sna.
570 1122 733 1187 Certamine
745 1121 861 1204 juncto,

182 1245 263 1308 Inter
276 1245 411 1308 Pistasos
425 1251 455 1308 et
467 1246 560 1308 Troas
573 1247 677 1325 regnat
689 1243 794 1305 Erinis.

180 1364 363 1446 Aggredittu
375 1366 485 1428 Brutus
498 1364 622 1440 Pictum,
637 1364 794 1442 Pietasque
806 1360 925 1424 resistit.

183 1483 306 1548 Ceditur
320 1489 350 1546 et
364 1484 440 1548 cedit
453 1503 522 1567 pars
536 1489 675 1564 utraqne;
690 1481 794 1545 cedere
807 1481 884 1563 parti

181 1604 283 1667 Altera
295 1624 365 1686 pars
378 1605 481 1682 nescit,
497 1605 590 1668 donec
603 1603 739 1668 torrentis
753 1603 791 1666 ad
805 1602 908 1678 instar,

183 1725 243 1796 Qui
260 1725 407 1789 demente
421 1725 499 1788 cadit
511 1725 657 1788 horrendo
670 1723 797 1799 turbine,
812 1722 915 1786 mentis

181 1844 258 1907 Irata
272 1845 388 1922 ductus,
404 1847 581 1908 subducens
595 1845 710 1927 agmina
722 1863 833 1921 secum,

181 1965 213 2027 in
227 1965 332 2028 dextro
346 1986 436 2030 corun
451 1966 591 2031 Corineus
606 1964 768 2029 certaminis
783 1965 886 2039 intrat;

181 2085 220 2146 Ut
232 2085 322 2166 lupus
336 2086 411 2148 inter
424 2107 493 2150 oves
506 2087 584 2168 rapit
595 2087 648 2150 has
660 2090 689 2148 et
703 2085 824 2166 dissipat
838 2085 916 2160 illas,

181 2205 220 2268 Ut
232 2207 280 2268 teo
295 2205 345 2285 qui
358 2207 460 2269 sedare
474 2208 572 2272 rolens
583 2207 708 2290 jejunia,
724 2206 817 2268 mum

180 2325 286 2388 Fertur
298 2325 328 2388 iu
342 2333 514 2405 armentum,
529 2327 571 2390 sic
585 2326 644 2390 dur
658 2347 690 2390 se
704 2326 791 2388 mittit
803 2325 833 2387 in
846 2325 955 2388 hostes.

182 2446 322 2508 Hostibus
336 2447 366 2508 in
379 2447 482 2510 mediis
495 2447 644 2524 frendens,
657 2466 856 2527 quemcunque
871 2446 987 2528 bipenni

182 2567 279 2638 Quam
292 2575 372 2630 tenet
386 2568 559 2648 assequitur,
576 2567 698 2630 divisum
713 2568 743 2630 in
758 2569 880 2630 Tartara
895 2567 994 2630 trudit.

179 2687 305 2750 Miratur
318 2688 437 2766 Brutus,
454 2689 526 2752 socii
539 2689 679 2752 ninantur
693 2695 722 2751 et
735 2689 845 2767 hostes,

180 2807 279 2870 Unum
292 2809 486 2890 possevinum
501 2815 544 2871 tot
558 2810 635 2872 mitia
647 2809 764 2872 madere
778 2810 874 2872 morti.

180 2928 261 2990 Dant
274 2927 372 2990 hostes
386 2948 439 2991 sua
451 2934 535 3009 terga
548 2931 632 3010 tnge;
650 2931 732 3010 sugat
744 2930 792 2992 hio
805 2929 962 3009 fugientes.

180 3039 287 3103 “Proh
301 3041 409 3122 pudor,
425 3042 536 3122 ignovit
551 3063 609 3123 quo
624 3063 675 3106 vos
689 3043 775 3105 timor
788 3043 894 3124 eripit?
907 3042 1014 3122 inquit3

183 3160 249 3231 Quo
265 3160 336 3241 fuga
348 3179 400 3224 vos
413 3162 553 3224 retrahit?
567 3164 685 3226 Stantes
699 3163 863 3226 contendite
877 3181 1000 3226 mecum.

182 3279 243 3341 Vos
257 3284 353 3342 tamen
368 3301 485 3358 excuso,
501 3286 686 3363 vestrumque
699 3282 808 3344 miuoro
823 3282 980 3365 pudorem,

181 3398 255 3460 Nam
270 3418 335 3462 mea
347 3418 398 3463 vos
413 3406 503 3463 terret
518 3403 620 3480 virtus,
638 3422 693 3482 que
707 3421 778 3484 sepe
792 3407 935 3484 gygantes

182 3517 322 3582 Tit-renos
336 3520 457 3598 domuit,
473 3540 545 3601 quos
559 3527 657 3586 ternos
672 3527 758 3603 atque
773 3527 927 3603 quaternos

157 3617 161 3624 ⁴
183 3638 228 3700 td
242 3639 328 3719 Stiga
341 3639 475 3702 direxit.”
526 3642 630 3705 Comes
643 3642 698 3704 hec
710 3641 749 3704 ad
761 3643 849 3704 rerba
863 3641 1026 3717 Subardus,

183 3759 269 3822 Stans
284 3779 346 3822 cum
361 3761 498 3824 militibus
509 3772 555 3824 ter
568 3768 683 3825 centnm
696 3763 821 3839 milibus,
837 3762 931 3844 ipsum

186 3879 302 3962 Impetit
316 3900 385 3942 ense
400 3880 515 3943 ducem.
558 3881 679 3946 Comitis
693 3882 752 3944 dur
766 3881 888 3963 suscipit
902 3882 990 3944 ictum

185 3999 215 4060 tn
228 4000 334 4080 clipeo,
352 4019 472 4064 securus
486 4021 536 4078 eo;
553 4001 713 4082 tollensque
727 4001 893 4082 bipennem,

184 4119 360 4199 Aggreditur
373 4120 516 4196 comitem,
533 4120 617 4202 cujus
631 4121 798 4202 galeamque
812 4121 965 4202 capudquc
