3272 5188
780 520 961 566 ttttttttttx.

601 639 639 694 De
652 650 705 693 sun
719 641 827 706 trespaz
839 637 926 692 merci
939 635 1005 702 cria,

602 733 622 788 tt
635 733 670 788 de
682 735 709 788 la
723 737 836 802 tmyson
851 732 870 786 lt
882 735 986 788 counta

604 831 721 886 coment
734 844 779 886 ses
792 843 870 886 soors
882 829 899 884 t
912 831 986 886 mult
997 835 1079 899 grant
1093 837 1147 885 tort

603 924 632 979 Li
644 925 764 980 tesoient
772 925 851 995 juror
863 939 894 980 sa
906 928 991 991 mort,

605 1023 642 1078 tt
654 1023 690 1078 οὺ
703 1023 738 1080 do
750 1037 801 1078 ceo
812 1022 917 1078 n'avoit
929 1022 1026 1078 talent.

603 1119 623 1174 tt
636 1134 688 1175 sun
702 1120 815 1188 seignur
827 1119 1015 1174 hastivement

605 1215 643 1270 La
655 1215 727 1285 prist
738 1215 812 1270 mult
824 1220 882 1270 tost
893 1219 973 1270 entre
985 1229 1032 1270 ces
1045 1215 1119 1284 braz,

604 1312 641 1367 La
654 1312 730 1368 beise
742 1327 758 1368 o
769 1313 817 1369 fist
828 1313 978 1382 greignour
990 1311 1064 1368 solaz

605 1409 641 1474 Qe
654 1410 704 1464 tait
715 1409 735 1464 li
747 1411 822 1465 avoit
834 1423 924 1477 unqes
936 1409 1007 1464 mts.

603 1503 618 1530 '⁸
634 1506 728 1572 Darne,
741 1505 837 1571 tait-tt,
853 1509 932 1560 tenet
944 1519 978 1560 en
991 1505 1042 1573 pts

604 1603 722 1658 Blessez
735 1615 832 1672 passer
843 1602 870 1656 la
882 1602 990 1658 dolour.
1004 1599 1020 1624 ”

605 1697 776 1754 Lendematn
788 1697 804 1752 t
817 1697 897 1768 point
908 1699 943 1754 de
952 1700 1017 1769 jour

603 1793 637 1850 Se
649 1794 771 1864 apparitu
783 1809 836 1864 pur
850 1799 907 1850 tost
918 1796 977 1852 aler

604 1891 626 1946 Α
639 1905 694 1946 sun
707 1905 774 1961 pere
786 1905 821 1947 ou
835 1891 854 1946 li
867 1893 969 1962 parler,

604 1987 623 2041 Ε
639 1987 656 2042 t
668 2001 700 2042 sn
712 1987 816 2044 semme
828 1987 884 2042 dist
895 1989 956 2044 ensi

604 2081 677 2147 Q'ele
689 2083 743 2138 seit
755 2088 850 2152 preste
864 2083 899 2139 do
911 2084 970 2140 aler
983 2099 1019 2140 ou
1033 2084 1061 2140 Ιῑ.

605 2180 644 2235 Ne
656 2179 786 2235 demorra
798 2194 849 2248 pas
862 2187 942 2248 grant
954 2195 1033 2249 pecc,

604 2276 673 2331 vers
687 2291 741 2332 sun
754 2289 830 2346 pere,
846 2290 896 2345 roy
909 2276 943 2331 tle
956 2277 1049 2342 Grece,

604 2371 748 2427 Ambdeux
763 2373 809 2426 lut·
820 2373 882 2427 voie
896 2373 1034 2438 tindrent;

604 2465 674 2523 'rant
686 2471 813 2523 errorent
824 2467 873 2536 q'it
884 2468 1024 2523 vindrent.

605 2563 673 2620 Mult
687 2567 755 2618 sunt
766 2563 782 2618 t
795 2577 847 2632 roy
862 2563 1098 2630 trts·bienvenuz‚

606 2661 626 2716 tt
639 2665 682 2716 tut
694 2660 718 2715 si
731 2674 797 2715 cum
810 2660 869 2714 tust
883 2674 989 2716 avenuz

605 2757 644 2812 Ite
657 2771 703 2813 ses
714 2756 785 2812 flllez
799 2757 818 2812 li
831 2762 884 2812 unt
897 2759 1006 2814 contet.

605 2853 658 2908 Eli
670 2865 720 2922 roy
733 2853 792 2908 fust
806 2858 850 2908 tut
861 2855 998 2922 espountt

605 2950 644 3007 De
657 2965 706 3007 ceo
720 2964 754 3019 qe
767 2965 798 3006 sa
810 2951 866 3005 sstte
879 2949 899 3004 tt
912 2950 977 3008 dist.

605 3047 683 3103 Bress
696 3061 712 3102 e
723 3047 822 3102 lettres
835 3047 973 3102 escrivere
985 3047 1032 3102 fist
1039 3065 1045 3112 ;

606 3143 654 3198 Ses
665 3143 736 3198 fillez
748 3143 850 3198 manda
862 3149 1024 3198 ermttment

606 3239 643 3304 Qe
655 3239 671 3294 t
684 3240 703 3294 li
715 3239 847 3307 viegnent
857 3239 1053 3296 hasttvement.

606 3335 626 3390 Ε
639 3341 707 3405 qant
717 3336 813 3390 tutent
825 3339 888 3390 touz
900 3335 1047 3400 assemblt‚

606 3431 635 3486 Li
649 3445 701 3501 my
713 3430 754 3486 los
766 3430 802 3486 ad
814 3431 949 3486 aresonet

606 3528 646 3584 De
658 3528 686 3583 la
697 3532 773 3583 mort
787 3531 816 3582 et
827 3528 862 3584 de
874 3527 901 3582 la
915 3533 1029 3598 trayson

607 3623 644 3688 Qe
656 3623 795 3679 chescune
808 3623 842 3678 de
854 3637 908 3678 sun
921 3624 1011 3678 barun

608 3719 659 3774 Par
672 3723 754 3787 grant
766 3719 866 3775 malice
878 3721 954 3774 avoit
965 3734 1081 3788 purten,

608 3815 683 3871 Dunt
694 3815 837 3871 deshonur
848 3816 892 3870 tur
904 3821 948 3872 est
959 3829 1053 3871 aereu.

608 3912 660 3967 Les
672 3913 769 3968 dames
782 3917 850 3968 sunt
861 3918 925 3970 touz
937 3919 1068 3982 espontez

608 4009 647 4065 De
659 4023 708 4064 ceo
722 4009 806 4078 q'eles
820 4015 889 4066 sunt
899 4023 1028 4078 acoupez,

608 4104 647 4160 De
660 4105 687 4159 la
700 4109 813 4175 trayson
826 4105 897 4160 dunt
908 4109 976 4159 sunt
991 4111 1087 4169 tetta,

609 4201 684 4260 Dunt
693 4201 722 4274 jt
734 4215 770 4257 ne
782 4205 896 4258 serrunt
907 4201 1028 4269 aquaem
