3226 5168
594 541 698 585 urana
721 539 881 584 uncinus.

223 657 299 718 llaul
313 657 420 739 inpune
436 654 525 716 vanis.
570 651 741 715 Germanica
756 650 832 712 nalio
847 669 962 732 scmpcr

222 777 332 838 Fallere
346 775 497 838 eradentes
512 771 614 834 didicit
627 773 682 834 sub
696 769 777 853 pacis
792 770 912 831 amici-u.

222 898 331 959 Fallere
345 897 476 958 fallentes
491 915 547 958 uon
562 897 608 956 asl
623 892 751 966 lallacia3
768 910 824 952 non
839 895 883 952 ast

222 1021 330 1094 Fallax,
346 1019 461 1080 fallaces
476 1016 561 1078 simili
576 1015 624 1096 qui
639 1013 742 1076 fraude
756 1013 880 1095 repellit.

224 1141 255 1202 Si
269 1139 397 1214 dubitas,
413 1137 438 1199 si
453 1143 538 1220 lurpa
552 1140 640 1218 pulas
655 1134 799 1198 contraria
813 1135 906 1216 paclis

223 1263 265 1324 Ta
280 1265 395 1343 patrare
409 1259 478 1335 luis,
494 1259 595 1321 sullam
610 1255 743 1339 parmille
758 1255 902 1318 Pcandam

225 1383 254 1443 lu
269 1381 347 1443 cives
361 1379 454 1442 sarira
468 1397 538 1440 suos
552 1381 580 1440 cl
594 1377 669 1439 bella
684 1395 799 1437 monera

225 1501 375 1577 lnlaslina;
391 1504 470 1562 luam
485 1498 609 1582 patriam
622 1499 819 1579 populumque
833 1517 958 1560 reserva.

225 1623 383 1703 auglorum
397 1619 450 1683 tibi
464 1619 597 1683 debililas
611 1619 766 1682 munimina
779 1617 902 1694 conierl,

226 1741 363 1804 helicium
377 1759 485 1817 maror,
501 1743 531 1802 cl
545 1739 621 1801 vires
636 1737 824 1800 debilitatam.
839 1736 854 1762 ”

225 1862 301 1922 Tola
313 1862 418 1923 cohors
432 1859 578 1922 collaudat
590 1857 678 1920 idam.
722 1859 782 1922 liar
797 1875 867 1938 argo
881 1877 998 1920 suornm

225 1983 364 2048 lnduclus
379 1983 505 2064 monilis,
521 1981 653 2063 quamvis
667 1979 785 2056 invitus,
801 1980 830 2041 in
845 1981 953 2060 duglas

225 2107 325 2188 duglis
339 2105 473 2169 concedit
486 2104 578 2168 civilia
592 2104 669 2166 bella
681 2122 808 2165 mouera.

225 2228 329 2308 Anglia
342 2232 404 2290 lala
416 2226 512 2288 lramil
528 2247 534 2287 :
552 2243 638 2288 sarna
652 2222 730 2306 capit
743 2243 823 2286 arma
837 2222 964 2298 Pasanda,

129 2363 131 2370 ’
224 2349 306 2413 Seril
318 2349 348 2412 in
363 2348 516 2424 Ominum,
533 2348 611 2410 nullo
626 2349 779 2410 reuocatus
793 2365 901 2422 amore,

224 2473 288 2534 Non
302 2491 388 2554 preca
403 2489 456 2532 nec
469 2469 579 2552 precio,
595 2489 652 2531 non
666 2468 706 2544 ri,
722 2467 865 2530 lonilruvc
880 2469 1031 2532 minarum.

226 2592 354 2657 Osuinus
368 2609 437 2653 varo
451 2609 515 2652 cum
529 2609 597 2650 sevo
612 2588 703 2670 prelia
716 2605 785 2667 rega

225 2711 396 2792 agrediens,
412 2710 532 2791 triginta
545 2709 645 2785 ducas,
661 2727 816 2788 regamque
831 2709 987 2785 Peandam,

225 2836 448 2912 innumerosque
462 2831 540 2894 viros
554 2831 680 2914 perimit,
696 2831 863 2912 potiturque
877 2831 1034 2914 lriumpho.

265 2953 360 3016 lnduil
373 2951 502 3016 Uliridus
515 2951 608 3035 patris
622 2951 755 3014 diadema
768 2950 896 3026 Pcanda,

224 3073 387 3155 Ulcisciqne
401 3072 447 3134 sui
461 3072 576 3134 molilur
589 3073 649 3133 lala
663 3071 801 3154 parentis.

224 3194 382 3257 Discordes
396 3193 537 3256 Caduallo
552 3192 623 3272 ligal
636 3193 690 3254 sub
704 3192 801 3254 sedare
816 3193 911 3273 pacis;

224 3317 261 3377 Aa
274 3319 385 3396 scplcm
398 3311 497 3375 luslris
512 3311 663 3374 lransaclis
678 3315 706 3372 al
719 3310 813 3373 tribus
827 3312 908 3374 annis

223 3435 263 3496 Ex
277 3453 336 3514 qun
348 3431 476 3514 suscepit
490 3431 572 3511 regni
587 3429 793 3506 moderamina,
809 3431 915 3494 cadens

163 3549 166 3556 ’
223 3555 283 3617 llex
299 3551 439 3616 Cadualln
453 3552 535 3614 bonis
549 3558 651 3613 nalure
665 3549 762 3612 debila
775 3549 870 3625 solvil,

223 3675 361 3754 lioraqua
374 3673 464 3754 regali
478 3671 611 3736 conditus
625 3675 761 3747 aromate,
777 3669 849 3730 mira

224 3792 368 3857 conditur
381 3792 410 3853 in
424 3797 520 3854 slalua
533 3791 671 3854 fabricula
685 3813 720 3854 ax
735 3813 782 3855 era
796 3794 916 3870 racemi,

223 3917 341 3978 Statura
354 3913 432 3994 regis
445 3931 529 3993 aqua,
546 3933 708 3996 magnoque
723 3915 832 3976 caballo

224 4035 333 4099 lnsidcl
346 4035 478 4117 ejusdam
492 4035 600 4099 lubrica
615 4037 771 4118 similisque
785 4036 904 4098 malalli.

224 4159 311 4220 Slans
326 4161 453 4220 armatum
467 4177 555 4238 eques
568 4158 596 4220 in
612 4176 698 4238 aquo,
715 4156 922 4240 superadditur
935 4157 1016 4222 urbis
