3206 5134
607 537 709 580 alana
729 535 890 588 QUINTUS.

232 649 268 710 Ul
282 649 337 710 sibi
351 649 445 710 mittat
458 668 554 729 opem.
599 647 752 726 Legionem
768 647 859 708 Roma
874 646 1019 708 Britannis

232 769 318 831 Mittit
331 769 360 831 in
373 769 521 830 auxilium.
564 767 641 830 Laeli
656 767 865 846 Britooumqae
880 766 1014 830 cobortes

232 889 383 970 Expellaut
395 888 495 950 hostes
510 889 595 952 cedes
609 888 637 949 in
651 892 735 968 terga
747 891 892 968 gerentes.

234 1011 309 1072 later
322 1013 352 1071 et
365 1010 492 1070 Albanos
506 1009 670 1089 Deirosque
685 1009 784 1070 labore
798 1006 943 1087 stupendo

232 1130 396 1192 Extendunt
409 1148 534 1206 mirram,
550 1128 642 1191 lacilis
655 1149 691 1190 ne
705 1129 780 1190 sorte
795 1132 909 1208 pateret

232 1251 369 1314 llostibus
383 1249 517 1312 introitus
530 1249 623 1330 regni.
666 1250 795 1312 Romana
808 1248 921 1310 recedit

231 1373 266 1432 Et
281 1374 401 1435 Romam
415 1371 522 1452 repetit
534 1371 621 1451 legio.
664 1369 751 1433 Redit
765 1374 832 1431 ante
844 1371 946 1450 legata

232 1492 350 1554 llostilis
364 1491 473 1567 rabies,
489 1509 572 1552 muro
588 1493 672 1551 tenus
687 1487 782 1550 omnia
794 1493 899 1550 vastat.
1200 1509 1264 1557 sola

271 1613 388 1676 Rustica
402 1612 485 1693 plebs
498 1611 648 1674 Britonuur
662 1629 776 1672 murum
791 1609 947 1672 defendere
961 1612 1098 1692 temptat3

232 1733 291 1795 Sed
305 1733 372 1812 quia
386 1729 510 1793 formido
525 1751 641 1812 semper
654 1729 807 1792 comitatur
821 1734 961 1809 agresleS,

233 1851 422 1914 ascendendo
436 1851 525 1933 pigri,
542 1851 724 1914 deleadeudo
739 1849 892 1932 pigriores,

233 1975 304 2037 Cura
320 1979 439 2056 possent
452 1973 517 2036 telis
531 1974 629 2036 hostes
644 1973 798 2054 expellere,
813 1977 926 2054 ponunt

234 2095 263 2156 ln
278 2096 340 2156 sola
354 2114 408 2158 sua
421 2100 515 2174 terga.
558 2095 673 2174 Fugant
685 2093 771 2154 timor
784 2097 813 2154 et
827 2097 935 2154 tremor
949 2093 1023 2168 illos,

232 2218 396 2298 Desperare
409 2215 530 2298 probat;
546 2215 642 2276 vultus
656 2215 766 2296 pallere
779 2213 894 2277 videres

233 2338 266 2398 Et
280 2337 428 2419 trepidare
442 2355 554 2412 manus,
571 2341 650 2398 certa
664 2340 834 2416 argumenta
847 2337 974 2418 pavoris.

232 2459 292 2522 Nec
306 2477 398 2534 mora,
414 2462 498 2537 terga
511 2459 581 2538 luge
594 2459 728 2539 prebent,
744 2461 879 2537 terreque
892 2477 1030 2521 cavernas

234 2583 290 2642 ‚lat
303 2599 452 2641 nemorum
467 2583 593 2659 querunt
607 2579 747 2654 latebras;
764 2579 879 2642 hostilia
894 2599 1006 2642 morunt

232 2699 354 2782 Agmina
367 2700 505 2776 deiciunt,
521 2719 575 2782 per
588 2700 663 2762 mille
678 2700 817 2762 loramina
831 2719 952 2780 regnunt

232 2823 385 2884 lneurrunt
397 2825 494 2882 tutore
508 2839 626 2894 carew
643 2819 714 2882 furit
726 2820 802 2900 ignis
817 2824 846 2882 et
859 2820 948 2882 ensis.

231 2944 309 3006 llura
322 2941 383 3004 suis
399 2959 464 3004 curn
479 2941 624 3016 ruricolis,
640 2959 703 3002 curn
719 2941 830 3004 civibus
844 2941 931 3004 urbes

231 3065 293 3126 Una
307 3063 484 3144 depereunt3
502 3061 571 3124 nolti
586 3080 640 3124 sua
652 3061 768 3143 prolicit
784 3067 856 3124 etas.

233 3185 382 3246 Laedentes
396 3185 561 3262 matresque
575 3181 669 3256 simul,
683 3181 877 3264 juvenesque,
893 3203 1046 3264 senesque,

233 3305 415 3367 Oecumbunt
427 3301 523 3384 gladio
541 3323 547 3362 :
565 3301 635 3364 nulli
650 3322 703 3366 sue
715 3321 835 3365 munera
849 3309 971 3386 prosunt

232 3424 367 3499 Ecclesie,
383 3425 491 3486 clerum
504 3423 670 3488 reverencia
683 3425 762 3487 nulla
776 3429 885 3488 tuetur.

232 3543 384 3624 Agraeius,
401 3544 501 3606 consul
514 3545 671 3620 Romanus,
687 3545 763 3606 ferre
777 3551 894 3608 recusat

232 3664 372 3726 Auxilium
386 3664 490 3746 positis
504 3665 533 3726 in
548 3669 628 3726 tauta
641 3671 739 3746 strage
753 3667 911 3730 Britannis.

270 3785 343 3847 Cam
360 3784 536 3861 Guizeiinus,
552 3785 675 3848 antistes
690 3785 912 3864 Londonieasis,

231 3907 399 3968 Transmeat
415 3908 591 3984 Oeceanura,
607 3907 689 3988 regni
703 3908 776 3990 petit
790 3909 969 3972 Armorieani

232 4025 407 4106 llldrogearn
421 4047 531 4108 regem,
548 4029 596 4109 qui
610 4049 700 4108 regno
715 4028 843 4110 presidet
856 4029 907 4107 illi,

233 4147 360 4218 Quartus
375 4153 443 4230 post
457 4149 580 4231 primum
595 4151 760 4228 Cononem
777 4151 1002 4234 suppliciterque
