<?xml version="1.0" encoding="UTF-8"?>
<!DOCTYPE html PUBLIC "-//W3C//DTD XHTML 1.0 Transitional//EN"
    "http://www.w3.org/TR/xhtml1/DTD/xhtml1-transitional.dtd">
<html xmlns="http://www.w3.org/1999/xhtml" xml:lang="en" lang="en">
 <head>
  <title>
</title>
<meta http-equiv="Content-Type" content="text/html;charset=utf-8" />
  <meta name='ocr-system' content='tesseract 3.04.00' />
  <meta name='ocr-capabilities' content='ocr_page ocr_carea ocr_par ocr_line ocrx_word'/>
</head>
<body>
  <div class='ocr_page' id='page_1' title='image "./gestaregumbrita00assogoog_0171.png"; bbox 0 0 3226 5168; ppageno 0'>
   <div class='ocr_carea' id='block_1_1' title="bbox 361 528 1111 596">
    <p class='ocr_par' dir='ltr' id='par_1_1' title="bbox 361 528 1111 596">
     <span class='ocr_line' id='line_1_1' title="bbox 361 528 1111 596; baseline 0.005 -6"><span class='ocrx_word' id='word_1_1' title='bbox 361 528 418 592; x_wconf 83' lang='lat' dir='ltr'><strong>lld</strong></span> <span class='ocrx_word' id='word_1_2' title='bbox 634 547 739 594; x_wconf 83' lang='lat' dir='ltr'><strong>ersrr</strong></span> <span class='ocrx_word' id='word_1_3' title='bbox 761 547 875 594; x_wconf 79' lang='lat' dir='ltr'><strong>seona</strong></span> <span class='ocrx_word' id='word_1_4' title='bbox 897 548 1111 596; x_wconf 82' lang='lat' dir='ltr'><strong>enrrurnrn.</strong></span> 
     </span>
    </p>
   </div>
   <div class='ocr_carea' id='block_1_2' title="bbox 350 659 1206 3656">
    <p class='ocr_par' dir='ltr' id='par_1_2' title="bbox 357 659 1186 862">
     <span class='ocr_line' id='line_1_2' title="bbox 357 659 1186 744; baseline 0.006 -22"><span class='ocrx_word' id='word_1_5' title='bbox 357 661 434 724; x_wconf 88' lang='lat' dir='ltr'><strong>Mille</strong></span> <span class='ocrx_word' id='word_1_6' title='bbox 448 659 555 722; x_wconf 86' lang='lat' dir='ltr'><strong>eadunt</strong></span> <span class='ocrx_word' id='word_1_7' title='bbox 568 659 731 741; x_wconf 86' lang='lat' dir='ltr'><strong>Britonom,</strong></span> <span class='ocrx_word' id='word_1_8' title='bbox 746 661 925 744; x_wconf 85' lang='lat' dir='ltr'><strong>perimuntur</strong></span> <span class='ocrx_word' id='word_1_9' title='bbox 939 663 1015 724; x_wconf 92' lang='lat' dir='ltr'><strong>mille</strong></span> <span class='ocrx_word' id='word_1_10' title='bbox 1030 662 1186 736; x_wconf 84' lang='lat' dir='ltr'><strong>Quiritum.</strong></span> 
     </span>
     <span class='ocr_line' id='line_1_3' title="bbox 357 781 1062 862; baseline 0.001 -16"><span class='ocrx_word' id='word_1_11' title='bbox 357 783 504 846; x_wconf 75' lang='lat' dir='ltr'><strong>Laudibus</strong></span> <span class='ocrx_word' id='word_1_12' title='bbox 518 781 656 862; x_wconf 75' lang='lat' dir='ltr'>insignes,</span> <span class='ocrx_word' id='word_1_13' title='bbox 672 802 723 845; x_wconf 87' lang='lat' dir='ltr'><strong>rex</strong></span> <span class='ocrx_word' id='word_1_14' title='bbox 737 782 941 846; x_wconf 76' lang='lat' dir='ltr'><strong>mmoricenns</strong></span> <span class='ocrx_word' id='word_1_15' title='bbox 955 785 1062 848; x_wconf 87' lang='lat' dir='ltr'><strong>lloelus</strong></span> 
     </span>
    </p>

    <p class='ocr_par' dir='ltr' id='par_1_3' title="bbox 357 902 1086 985">
     <span class='ocr_line' id='line_1_4' title="bbox 357 902 1086 985; baseline 0.005 -20"><span class='ocrx_word' id='word_1_16' title='bbox 357 905 392 966; x_wconf 84' lang='lat' dir='ltr'><strong>Et</strong></span> <span class='ocrx_word' id='word_1_17' title='bbox 407 903 466 967; x_wconf 85' lang='lat' dir='ltr'><strong>dux</strong></span> <span class='ocrx_word' id='word_1_18' title='bbox 481 902 642 985; x_wconf 79' lang='lat' dir='ltr'><strong>Galgenus,</strong></span> <span class='ocrx_word' id='word_1_19' title='bbox 657 923 780 984; x_wconf 89' lang='lat' dir='ltr'><strong>quorum</strong></span> <span class='ocrx_word' id='word_1_20' title='bbox 795 903 861 984; x_wconf 89' lang='lat' dir='ltr'><strong>quis</strong></span> <span class='ocrx_word' id='word_1_21' title='bbox 875 905 984 968; x_wconf 88' lang='lat' dir='ltr'><strong>lorcior</strong></span> <span class='ocrx_word' id='word_1_22' title='bbox 998 905 1086 970; x_wconf 89' lang='lat' dir='ltr'><strong>ermis</strong></span> 
     </span>
    </p>

    <p class='ocr_par' dir='ltr' id='par_1_4' title="bbox 355 1023 1180 1596">
     <span class='ocr_line' id='line_1_5' title="bbox 356 1023 1156 1110; baseline 0 -20"><span class='ocrx_word' id='word_1_23' title='bbox 356 1029 413 1090; x_wconf 85' lang='lat' dir='ltr'><strong>Aut</strong></span> <span class='ocrx_word' id='word_1_24' title='bbox 427 1027 492 1107; x_wconf 91' lang='lat' dir='ltr'><strong>quis</strong></span> <span class='ocrx_word' id='word_1_25' title='bbox 506 1025 544 1088; x_wconf 89' lang='lat' dir='ltr'><strong>sit</strong></span> <span class='ocrx_word' id='word_1_26' title='bbox 557 1023 652 1108; x_wconf 88' lang='lat' dir='ltr'><strong>mejor</strong></span> <span class='ocrx_word' id='word_1_27' title='bbox 664 1046 721 1088; x_wconf 90' lang='lat' dir='ltr'><strong>non</strong></span> <span class='ocrx_word' id='word_1_28' title='bbox 736 1029 780 1088; x_wconf 89' lang='lat' dir='ltr'><strong>est</strong></span> <span class='ocrx_word' id='word_1_29' title='bbox 793 1025 965 1108; x_wconf 82' lang='lat' dir='ltr'><strong>depromere</strong></span> <span class='ocrx_word' id='word_1_30' title='bbox 979 1031 1156 1110; x_wconf 89' lang='lat' dir='ltr'><strong>promptum,</strong></span> 
     </span>
     <span class='ocr_line' id='line_1_6' title="bbox 355 1146 1086 1228; baseline 0 -16"><span class='ocrx_word' id='word_1_31' title='bbox 355 1147 518 1212; x_wconf 90' lang='lat' dir='ltr'><strong>Precedunt</strong></span> <span class='ocrx_word' id='word_1_32' title='bbox 531 1167 650 1228; x_wconf 90' lang='lat' dir='ltr'><strong>cuneos,</strong></span> <span class='ocrx_word' id='word_1_33' title='bbox 665 1146 770 1228; x_wconf 79' lang='lat' dir='ltr'>gladiis</span> <span class='ocrx_word' id='word_1_34' title='bbox 785 1149 960 1225; x_wconf 80' lang='lat' dir='ltr'><strong>secantibus,</strong></span> <span class='ocrx_word' id='word_1_35' title='bbox 976 1149 1086 1212; x_wconf 88' lang='lat' dir='ltr'><strong>hostes.</strong></span> 
     </span>
     <span class='ocr_line' id='line_1_7' title="bbox 356 1269 1121 1352; baseline -0.001 -17"><span class='ocrx_word' id='word_1_36' title='bbox 356 1270 472 1336; x_wconf 84' lang='lat' dir='ltr'><strong>Cesaris</strong></span> <span class='ocrx_word' id='word_1_37' title='bbox 484 1269 651 1352; x_wconf 89' lang='lat' dir='ltr'><strong>irrumpunt</strong></span> <span class='ocrx_word' id='word_1_38' title='bbox 664 1289 797 1346; x_wconf 88' lang='lat' dir='ltr'><strong>cuneum,</strong></span> <span class='ocrx_word' id='word_1_39' title='bbox 813 1271 980 1351; x_wconf 90' lang='lat' dir='ltr'><strong>nullumque</strong></span> <span class='ocrx_word' id='word_1_40' title='bbox 994 1271 1121 1334; x_wconf 86' lang='lat' dir='ltr'><strong>virorum</strong></span> 
     </span>
     <span class='ocr_line' id='line_1_8' title="bbox 355 1392 1180 1476; baseline -0.002 -20"><span class='ocrx_word' id='word_1_41' title='bbox 355 1392 522 1456; x_wconf 85' lang='lat' dir='ltr'><strong>Formident</strong></span> <span class='ocrx_word' id='word_1_42' title='bbox 535 1411 695 1454; x_wconf 89' lang='lat' dir='ltr'><strong>numerum.</strong></span> <span class='ocrx_word' id='word_1_43' title='bbox 739 1393 875 1470; x_wconf 86' lang='lat' dir='ltr'><strong>Pereunt,</strong></span> <span class='ocrx_word' id='word_1_44' title='bbox 891 1393 1099 1476; x_wconf 72' lang='lat' dir='ltr'><strong>perimentibus</strong></span> <span class='ocrx_word' id='word_1_45' title='bbox 1112 1392 1180 1470; x_wconf 91' lang='lat' dir='ltr'><strong>illis,</strong></span> 
     </span>
     <span class='ocr_line' id='line_1_9' title="bbox 355 1513 1055 1596; baseline -0.003 -19"><span class='ocrx_word' id='word_1_46' title='bbox 355 1515 431 1578; x_wconf 86' lang='lat' dir='ltr'><strong>llille</strong></span> <span class='ocrx_word' id='word_1_47' title='bbox 445 1513 516 1591; x_wconf 74' lang='lat' dir='ltr'><strong>riri,</strong></span> <span class='ocrx_word' id='word_1_48' title='bbox 532 1534 584 1596; x_wconf 88' lang='lat' dir='ltr'><strong>per</strong></span> <span class='ocrx_word' id='word_1_49' title='bbox 597 1533 666 1576; x_wconf 85' lang='lat' dir='ltr'><strong>rure</strong></span> <span class='ocrx_word' id='word_1_50' title='bbox 680 1531 753 1594; x_wconf 81' lang='lat' dir='ltr'><strong>vege</strong></span> <span class='ocrx_word' id='word_1_51' title='bbox 767 1514 824 1576; x_wconf 90' lang='lat' dir='ltr'><strong>ruit</strong></span> <span class='ocrx_word' id='word_1_52' title='bbox 840 1515 918 1578; x_wconf 90' lang='lat' dir='ltr'><strong>undu</strong></span> <span class='ocrx_word' id='word_1_53' title='bbox 932 1515 1055 1578; x_wconf 91' lang='lat' dir='ltr'><strong>cruoris.</strong></span> 
     </span>
    </p>

    <p class='ocr_par' dir='ltr' id='par_1_5' title="bbox 354 1635 1032 1716">
     <span class='ocr_line' id='line_1_10' title="bbox 354 1635 1032 1716; baseline 0 -18"><span class='ocrx_word' id='word_1_54' title='bbox 354 1638 445 1699; x_wconf 88' lang='lat' dir='ltr'><strong>Porro</strong></span> <span class='ocrx_word' id='word_1_55' title='bbox 460 1635 619 1716; x_wconf 78' lang='lat' dir='ltr'><strong>Galganus,</strong></span> <span class='ocrx_word' id='word_1_56' title='bbox 636 1653 693 1716; x_wconf 90' lang='lat' dir='ltr'><strong>quo</strong></span> <span class='ocrx_word' id='word_1_57' title='bbox 706 1635 744 1698; x_wconf 92' lang='lat' dir='ltr'><strong>nil</strong></span> <span class='ocrx_word' id='word_1_58' title='bbox 758 1635 911 1699; x_wconf 79' lang='lat' dir='ltr'><strong>ardencius</strong></span> <span class='ocrx_word' id='word_1_59' title='bbox 925 1638 1032 1712; x_wconf 88' lang='lat' dir='ltr'><strong>obstet,</strong></span> 
     </span>
    </p>

    <p class='ocr_par' dir='ltr' id='par_1_6' title="bbox 355 1756 990 1838">
     <span class='ocr_line' id='line_1_11' title="bbox 355 1756 990 1838; baseline -0.003 -18"><span class='ocrx_word' id='word_1_60' title='bbox 355 1757 469 1821; x_wconf 84' lang='lat' dir='ltr'><strong>Cesuris</strong></span> <span class='ocrx_word' id='word_1_61' title='bbox 483 1757 601 1838; x_wconf 88' lang='lat' dir='ltr'><strong>impetui</strong></span> <span class='ocrx_word' id='word_1_62' title='bbox 615 1757 709 1832; x_wconf 84' lang='lat' dir='ltr'><strong>velox,</strong></span> <span class='ocrx_word' id='word_1_63' title='bbox 726 1756 832 1818; x_wconf 87' lang='lat' dir='ltr'><strong>velocis</strong></span> <span class='ocrx_word' id='word_1_64' title='bbox 846 1756 883 1818; x_wconf 88' lang='lat' dir='ltr'><strong>ud</strong></span> <span class='ocrx_word' id='word_1_65' title='bbox 898 1757 990 1818; x_wconf 83' lang='lat' dir='ltr'><strong>instar</strong></span> 
     </span>
    </p>

    <p class='ocr_par' dir='ltr' id='par_1_7' title="bbox 354 1878 1115 2081">
     <span class='ocr_line' id='line_1_12' title="bbox 354 1878 1115 1961; baseline -0.001 -20"><span class='ocrx_word' id='word_1_66' title='bbox 354 1879 503 1955; x_wconf 85' lang='lat' dir='ltr'><strong>Fluminis,</strong></span> <span class='ocrx_word' id='word_1_67' title='bbox 519 1879 656 1956; x_wconf 89' lang='lat' dir='ltr'><strong>occurrit,</strong></span> <span class='ocrx_word' id='word_1_68' title='bbox 672 1883 702 1941; x_wconf 86' lang='lat' dir='ltr'><strong>et</strong></span> <span class='ocrx_word' id='word_1_69' title='bbox 715 1897 779 1941; x_wconf 91' lang='lat' dir='ltr'><strong>eum</strong></span> <span class='ocrx_word' id='word_1_70' title='bbox 794 1879 894 1940; x_wconf 79' lang='lat' dir='ltr'><strong>siricio</strong></span> <span class='ocrx_word' id='word_1_71' title='bbox 908 1878 1021 1961; x_wconf 88' lang='lat' dir='ltr'><strong>impetit</strong></span> <span class='ocrx_word' id='word_1_72' title='bbox 1035 1899 1115 1940; x_wconf 88' lang='lat' dir='ltr'><strong>cose.</strong></span> 
     </span>
     <span class='ocr_line' id='line_1_13' title="bbox 354 2001 1026 2081; baseline -0.004 -17"><span class='ocrx_word' id='word_1_73' title='bbox 354 2001 460 2064; x_wconf 81' lang='lat' dir='ltr'><strong>Lucius</strong></span> <span class='ocrx_word' id='word_1_74' title='bbox 474 2001 593 2078; x_wconf 85' lang='lat' dir='ltr'><strong>exultat,</strong></span> <span class='ocrx_word' id='word_1_75' title='bbox 610 2001 677 2081; x_wconf 87' lang='lat' dir='ltr'><strong>quie</strong></span> <span class='ocrx_word' id='word_1_76' title='bbox 692 2019 757 2063; x_wconf 93' lang='lat' dir='ltr'><strong>cum</strong></span> <span class='ocrx_word' id='word_1_77' title='bbox 771 2005 828 2062; x_wconf 89' lang='lat' dir='ltr'><strong>tem</strong></span> <span class='ocrx_word' id='word_1_78' title='bbox 843 2001 932 2062; x_wconf 87' lang='lat' dir='ltr'><strong>milite</strong></span> <span class='ocrx_word' id='word_1_79' title='bbox 946 2001 1026 2075; x_wconf 88' lang='lat' dir='ltr'><strong>lorti,</strong></span> 
     </span>
    </p>

    <p class='ocr_par' dir='ltr' id='par_1_8' title="bbox 355 2122 1059 2204">
     <span class='ocr_line' id='line_1_14' title="bbox 355 2122 1059 2204; baseline -0.006 -17"><span class='ocrx_word' id='word_1_80' title='bbox 355 2123 427 2188; x_wconf 86' lang='lat' dir='ltr'><strong>Cum</strong></span> <span class='ocrx_word' id='word_1_81' title='bbox 441 2128 499 2185; x_wconf 82' lang='lat' dir='ltr'><strong>tum</strong></span> <span class='ocrx_word' id='word_1_82' title='bbox 515 2123 695 2204; x_wconf 79' lang='lat' dir='ltr'><strong>magnanimo</strong></span> <span class='ocrx_word' id='word_1_83' title='bbox 710 2123 805 2204; x_wconf 89' lang='lat' dir='ltr'><strong>potuit</strong></span> <span class='ocrx_word' id='word_1_84' title='bbox 818 2128 962 2184; x_wconf 86' lang='lat' dir='ltr'><strong>certamen</strong></span> <span class='ocrx_word' id='word_1_85' title='bbox 977 2122 1059 2186; x_wconf 90' lang='lat' dir='ltr'><strong>inire.</strong></span> 
     </span>
    </p>

    <p class='ocr_par' dir='ltr' id='par_1_9' title="bbox 354 2243 1044 2327">
     <span class='ocr_line' id='line_1_15' title="bbox 354 2243 1044 2327; baseline -0.003 -21"><span class='ocrx_word' id='word_1_86' title='bbox 354 2245 447 2306; x_wconf 78' lang='lat' dir='ltr'><strong>Ambo</strong></span> <span class='ocrx_word' id='word_1_87' title='bbox 461 2263 546 2327; x_wconf 90' lang='lat' dir='ltr'><strong>peres</strong></span> <span class='ocrx_word' id='word_1_88' title='bbox 561 2248 648 2319; x_wconf 85' lang='lat' dir='ltr'><strong>etate,</strong></span> <span class='ocrx_word' id='word_1_89' title='bbox 663 2243 726 2325; x_wconf 88' lang='lat' dir='ltr'><strong>peri</strong></span> <span class='ocrx_word' id='word_1_90' title='bbox 740 2243 885 2325; x_wconf 88' lang='lat' dir='ltr'><strong>probitate</strong></span> <span class='ocrx_word' id='word_1_91' title='bbox 899 2243 1044 2319; x_wconf 89' lang='lat' dir='ltr'><strong>chorusci,</strong></span> 
     </span>
    </p>

    <p class='ocr_par' dir='ltr' id='par_1_10' title="bbox 353 2364 973 2447">
     <span class='ocr_line' id='line_1_16' title="bbox 353 2364 973 2447; baseline -0.003 -19"><span class='ocrx_word' id='word_1_92' title='bbox 353 2365 470 2429; x_wconf 89' lang='lat' dir='ltr'><strong>Viribus</strong></span> <span class='ocrx_word' id='word_1_93' title='bbox 484 2366 612 2445; x_wconf 88' lang='lat' dir='ltr'><strong>equales,</strong></span> <span class='ocrx_word' id='word_1_94' title='bbox 629 2364 723 2447; x_wconf 86' lang='lat' dir='ltr'><strong>equeli</strong></span> <span class='ocrx_word' id='word_1_95' title='bbox 737 2369 832 2426; x_wconf 89' lang='lat' dir='ltr'><strong>mente</strong></span> <span class='ocrx_word' id='word_1_96' title='bbox 846 2365 973 2446; x_wconf 83' lang='lat' dir='ltr'><strong>superbi,</strong></span> 
     </span>
    </p>

    <p class='ocr_par' dir='ltr' id='par_1_11' title="bbox 353 2485 1120 2690">
     <span class='ocr_line' id='line_1_17' title="bbox 353 2485 1120 2568; baseline -0.005 -16"><span class='ocrx_word' id='word_1_97' title='bbox 353 2489 453 2552; x_wconf 81' lang='lat' dir='ltr'><strong>llutos</strong></span> <span class='ocrx_word' id='word_1_98' title='bbox 466 2488 542 2550; x_wconf 87' lang='lat' dir='ltr'><strong>belle</strong></span> <span class='ocrx_word' id='word_1_99' title='bbox 555 2491 670 2568; x_wconf 79' lang='lat' dir='ltr'><strong>gerunt,</strong></span> <span class='ocrx_word' id='word_1_100' title='bbox 688 2487 806 2549; x_wconf 90' lang='lat' dir='ltr'><strong>crebros</strong></span> <span class='ocrx_word' id='word_1_101' title='bbox 820 2485 891 2548; x_wconf 89' lang='lat' dir='ltr'><strong>dent</strong></span> <span class='ocrx_word' id='word_1_102' title='bbox 904 2486 1022 2549; x_wconf 87' lang='lat' dir='ltr'><strong>ensibus</strong></span> <span class='ocrx_word' id='word_1_103' title='bbox 1036 2485 1120 2548; x_wconf 89' lang='lat' dir='ltr'><strong>ictus.</strong></span> 
     </span>
     <span class='ocr_line' id='line_1_18' title="bbox 353 2606 1020 2690; baseline -0.009 -17"><span class='ocrx_word' id='word_1_104' title='bbox 353 2611 433 2673; x_wconf 86' lang='lat' dir='ltr'><strong>Alter</strong></span> <span class='ocrx_word' id='word_1_105' title='bbox 446 2609 476 2671; x_wconf 93' lang='lat' dir='ltr'><strong>in</strong></span> <span class='ocrx_word' id='word_1_106' title='bbox 491 2607 608 2672; x_wconf 88' lang='lat' dir='ltr'><strong>alterius</strong></span> <span class='ocrx_word' id='word_1_107' title='bbox 623 2607 775 2690; x_wconf 89' lang='lat' dir='ltr'><strong>dispendia</strong></span> <span class='ocrx_word' id='word_1_108' title='bbox 788 2606 888 2669; x_wconf 91' lang='lat' dir='ltr'><strong>mortis</strong></span> <span class='ocrx_word' id='word_1_109' title='bbox 902 2607 1020 2681; x_wconf 80' lang='lat' dir='ltr'><strong>inhelat,</strong></span> 
     </span>
    </p>

    <p class='ocr_par' dir='ltr' id='par_1_12' title="bbox 353 2729 1084 2934">
     <span class='ocr_line' id='line_1_19' title="bbox 353 2729 1084 2806; baseline -0.005 -10"><span class='ocrx_word' id='word_1_110' title='bbox 353 2732 426 2796; x_wconf 88' lang='lat' dir='ltr'><strong>Cum</strong></span> <span class='ocrx_word' id='word_1_111' title='bbox 439 2734 568 2795; x_wconf 85' lang='lat' dir='ltr'><strong>llomnne</strong></span> <span class='ocrx_word' id='word_1_112' title='bbox 582 2729 686 2794; x_wconf 89' lang='lat' dir='ltr'><strong>cohors</strong></span> <span class='ocrx_word' id='word_1_113' title='bbox 700 2729 822 2806; x_wconf 88' lang='lat' dir='ltr'><strong>eccedit,</strong></span> <span class='ocrx_word' id='word_1_114' title='bbox 838 2735 867 2792; x_wconf 92' lang='lat' dir='ltr'><strong>et</strong></span> <span class='ocrx_word' id='word_1_115' title='bbox 881 2730 1084 2792; x_wconf 86' lang='lat' dir='ltr'><strong>Armorlcenos</strong></span> 
     </span>
     <span class='ocr_line' id='line_1_20' title="bbox 353 2848 1020 2934; baseline -0.006 -18"><span class='ocrx_word' id='word_1_116' title='bbox 353 2851 439 2934; x_wconf 77' lang='lat' dir='ltr'><strong>Cogit</strong></span> <span class='ocrx_word' id='word_1_117' title='bbox 451 2851 490 2914; x_wconf 87' lang='lat' dir='ltr'><strong>ad</strong></span> <span class='ocrx_word' id='word_1_118' title='bbox 505 2855 641 2914; x_wconf 81' lang='lat' dir='ltr'><strong>Ariorum</strong></span> <span class='ocrx_word' id='word_1_119' title='bbox 654 2849 758 2913; x_wconf 81' lang='lat' dir='ltr'><strong>festino</strong></span> <span class='ocrx_word' id='word_1_120' title='bbox 772 2848 891 2912; x_wconf 87' lang='lat' dir='ltr'><strong>tendere</strong></span> <span class='ocrx_word' id='word_1_121' title='bbox 905 2867 1020 2930; x_wconf 81' lang='lat' dir='ltr'><strong>gressu.</strong></span> 
     </span>
    </p>

    <p class='ocr_par' dir='ltr' id='par_1_13' title="bbox 351 2970 1017 3051">
     <span class='ocr_line' id='line_1_21' title="bbox 351 2970 1017 3051; baseline -0.005 -15"><span class='ocrx_word' id='word_1_122' title='bbox 351 2977 476 3038; x_wconf 83' lang='lat' dir='ltr'><strong>drtmus</strong></span> <span class='ocrx_word' id='word_1_123' title='bbox 489 2971 632 3036; x_wconf 84' lang='lat' dir='ltr'><strong>succurrit</strong></span> <span class='ocrx_word' id='word_1_124' title='bbox 645 2971 698 3048; x_wconf 89' lang='lat' dir='ltr'><strong>eis,</strong></span> <span class='ocrx_word' id='word_1_125' title='bbox 712 2970 837 3051; x_wconf 84' lang='lat' dir='ltr'><strong>dicitque</strong></span> <span class='ocrx_word' id='word_1_126' title='bbox 854 2991 860 3030; x_wconf 79' lang='grc' dir='ltr'><strong>ε</strong></span> <span class='ocrx_word' id='word_1_127' title='bbox 878 2970 1017 3033; x_wconf 78' lang='lat' dir='ltr'><strong>“Fideles</strong></span> 
     </span>
    </p>

    <p class='ocr_par' dir='ltr' id='par_1_14' title="bbox 350 3091 1206 3656">
     <span class='ocr_line' id='line_1_22' title="bbox 350 3091 1051 3173; baseline -0.003 -18"><span class='ocrx_word' id='word_1_128' title='bbox 350 3095 387 3156; x_wconf 85' lang='lat' dir='ltr'><strong>Et</strong></span> <span class='ocrx_word' id='word_1_129' title='bbox 402 3095 491 3158; x_wconf 86' lang='lat' dir='ltr'><strong>lortes</strong></span> <span class='ocrx_word' id='word_1_130' title='bbox 505 3093 587 3170; x_wconf 90' lang='lat' dir='ltr'><strong>socii,</strong></span> <span class='ocrx_word' id='word_1_131' title='bbox 604 3110 714 3154; x_wconf 90' lang='lat' dir='ltr'><strong>mecum</strong></span> <span class='ocrx_word' id='word_1_132' title='bbox 728 3095 895 3173; x_wconf 80' lang='lat' dir='ltr'><strong>properate,</strong></span> <span class='ocrx_word' id='word_1_133' title='bbox 913 3091 1051 3161; x_wconf 88' lang='lat' dir='ltr'><strong>Quirinos</strong></span> 
     </span>
     <span class='ocr_line' id='line_1_23' title="bbox 351 3211 1160 3294; baseline -0.006 -16"><span class='ocrx_word' id='word_1_134' title='bbox 351 3215 477 3279; x_wconf 89' lang='lat' dir='ltr'><strong>Stemite</strong></span> <span class='ocrx_word' id='word_1_135' title='bbox 491 3213 668 3290; x_wconf 85' lang='lat' dir='ltr'><strong>semimares,</strong></span> <span class='ocrx_word' id='word_1_136' title='bbox 686 3213 832 3293; x_wconf 85' lang='lat' dir='ltr'><strong>titulisque</strong></span> <span class='ocrx_word' id='word_1_137' title='bbox 846 3211 998 3294; x_wconf 83' lang='lat' dir='ltr'><strong>adjungite</strong></span> <span class='ocrx_word' id='word_1_138' title='bbox 1013 3213 1130 3275; x_wconf 89' lang='lat' dir='ltr'><strong>nostris.</strong></span> <span class='ocrx_word' id='word_1_139' title='bbox 1145 3213 1160 3236; x_wconf 92' lang='lat'><strong>’&#39;</strong></span> 
     </span>
     <span class='ocr_line' id='line_1_24' title="bbox 350 3331 1070 3418; baseline -0.006 -20"><span class='ocrx_word' id='word_1_140' title='bbox 350 3337 474 3414; x_wconf 80' lang='lat' dir='ltr'><strong>Perent3</strong></span> <span class='ocrx_word' id='word_1_141' title='bbox 490 3339 612 3418; x_wconf 81' lang='lat' dir='ltr'><strong>apparet</strong></span> <span class='ocrx_word' id='word_1_142' title='bbox 625 3333 671 3396; x_wconf 91' lang='lat' dir='ltr'><strong>cui</strong></span> <span class='ocrx_word' id='word_1_143' title='bbox 684 3351 766 3396; x_wconf 87' lang='lat' dir='ltr'><strong>mens</strong></span> <span class='ocrx_word' id='word_1_144' title='bbox 779 3332 932 3412; x_wconf 85' lang='lat' dir='ltr'><strong>adquirere</strong></span> <span class='ocrx_word' id='word_1_145' title='bbox 945 3331 1070 3408; x_wconf 87' lang='lat' dir='ltr'><strong>laudem,</strong></span> 
     </span>
     <span class='ocr_line' id='line_1_25' title="bbox 352 3451 1067 3534; baseline -0.01 -15"><span class='ocrx_word' id='word_1_146' title='bbox 352 3455 527 3519; x_wconf 87' lang='lat' dir='ltr'><strong>locumendo</strong></span> <span class='ocrx_word' id='word_1_147' title='bbox 543 3473 657 3530; x_wconf 80' lang='lat' dir='ltr'><strong>necem3</strong></span> <span class='ocrx_word' id='word_1_148' title='bbox 672 3471 770 3534; x_wconf 81' lang='lat' dir='ltr'><strong>regem</strong></span> <span class='ocrx_word' id='word_1_149' title='bbox 786 3451 944 3534; x_wconf 88' lang='lat' dir='ltr'><strong>precedere</strong></span> <span class='ocrx_word' id='word_1_150' title='bbox 957 3453 1067 3514; x_wconf 90' lang='lat' dir='ltr'><strong>malunt</strong></span> 
     </span>
     <span class='ocr_line' id='line_1_26' title="bbox 352 3572 1206 3656; baseline -0.007 -15"><span class='ocrx_word' id='word_1_151' title='bbox 352 3577 448 3650; x_wconf 88' lang='lat' dir='ltr'><strong>Quem</strong></span> <span class='ocrx_word' id='word_1_152' title='bbox 462 3575 602 3640; x_wconf 86' lang='lat' dir='ltr'><strong>vincendo</strong></span> <span class='ocrx_word' id='word_1_153' title='bbox 617 3574 709 3656; x_wconf 88' lang='lat' dir='ltr'><strong>sequi.</strong></span> <span class='ocrx_word' id='word_1_154' title='bbox 753 3575 813 3637; x_wconf 85' lang='lat' dir='ltr'><strong>Rex</strong></span> <span class='ocrx_word' id='word_1_155' title='bbox 827 3577 954 3636; x_wconf 81' lang='lat' dir='ltr'><strong>extracto</strong></span> <span class='ocrx_word' id='word_1_156' title='bbox 968 3572 1134 3648; x_wconf 87' lang='lat' dir='ltr'><strong>Celiburno,</strong></span> <span class='ocrx_word' id='word_1_157' title='bbox 1201 3633 1206 3642; x_wconf 84' lang='grc'><strong>,</strong></span> 
     </span>
    </p>
   </div>
   <div class='ocr_carea' id='block_1_3' title="bbox 350 3691 1210 4018">
    <p class='ocr_par' dir='ltr' id='par_1_15' title="bbox 350 3691 1210 4018">
     <span class='ocr_line' id='line_1_27' title="bbox 351 3691 1014 3774; baseline -0.011 -14"><span class='ocrx_word' id='word_1_158' title='bbox 351 3697 437 3760; x_wconf 87' lang='lat' dir='ltr'><strong>lmuit</strong></span> <span class='ocrx_word' id='word_1_159' title='bbox 451 3697 481 3759; x_wconf 90' lang='lat' dir='ltr'><strong>in</strong></span> <span class='ocrx_word' id='word_1_160' title='bbox 494 3695 610 3774; x_wconf 84' lang='lat' dir='ltr'><strong>Lucios,</strong></span> <span class='ocrx_word' id='word_1_161' title='bbox 626 3694 728 3758; x_wconf 84' lang='lat' dir='ltr'><strong>sternit</strong></span> <span class='ocrx_word' id='word_1_162' title='bbox 741 3693 876 3774; x_wconf 86' lang='lat' dir='ltr'><strong>ceditque</strong></span> <span class='ocrx_word' id='word_1_163' title='bbox 889 3691 1014 3773; x_wconf 89' lang='lat' dir='ltr'><strong>iecitque</strong></span> 
     </span>
     <span class='ocr_line' id='line_1_28' title="bbox 350 3812 1210 3897; baseline -0.006 -16"><span class='ocrx_word' id='word_1_164' title='bbox 350 3819 425 3881; x_wconf 90' lang='lat' dir='ltr'><strong>Ense</strong></span> <span class='ocrx_word' id='word_1_165' title='bbox 438 3817 529 3893; x_wconf 85' lang='lat' dir='ltr'><strong>riem;</strong></span> <span class='ocrx_word' id='word_1_166' title='bbox 547 3833 754 3897; x_wconf 89' lang='lat' dir='ltr'><strong>quemcumque</strong></span> <span class='ocrx_word' id='word_1_167' title='bbox 768 3814 856 3875; x_wconf 88' lang='lat' dir='ltr'><strong>semel</strong></span> <span class='ocrx_word' id='word_1_168' title='bbox 870 3812 949 3888; x_wconf 79' lang='lat' dir='ltr'><strong>terit,</strong></span> <span class='ocrx_word' id='word_1_169' title='bbox 965 3813 1003 3874; x_wconf 85' lang='lat' dir='ltr'><strong>ed</strong></span> <span class='ocrx_word' id='word_1_170' title='bbox 1018 3813 1101 3893; x_wconf 79' lang='lat' dir='ltr'><strong>Stiga</strong></span> <span class='ocrx_word' id='word_1_171' title='bbox 1114 3814 1210 3876; x_wconf 83' lang='lat' dir='ltr'><strong>mittit.</strong></span> 
     </span>
     <span class='ocr_line' id='line_1_29' title="bbox 350 3933 1169 4018; baseline -0.009 -16"><span class='ocrx_word' id='word_1_172' title='bbox 350 3939 460 4002; x_wconf 86' lang='lat' dir='ltr'><strong>Sternit</strong></span> <span class='ocrx_word' id='word_1_173' title='bbox 473 3957 563 4018; x_wconf 92' lang='lat' dir='ltr'><strong>equos</strong></span> <span class='ocrx_word' id='word_1_174' title='bbox 577 3935 746 4017; x_wconf 88' lang='lat' dir='ltr'><strong>equitesque</strong></span> <span class='ocrx_word' id='word_1_175' title='bbox 761 3933 857 3996; x_wconf 91' lang='lat' dir='ltr'><strong>simul.</strong></span> <span class='ocrx_word' id='word_1_176' title='bbox 901 3933 1000 3996; x_wconf 88' lang='lat' dir='ltr'><strong>Veluti</strong></span> <span class='ocrx_word' id='word_1_177' title='bbox 1013 3933 1093 3995; x_wconf 83' lang='lat' dir='ltr'><strong>lovis</strong></span> <span class='ocrx_word' id='word_1_178' title='bbox 1109 3934 1169 3995; x_wconf 91' lang='lat' dir='ltr'><strong>ales</strong></span> 
     </span>
    </p>
   </div>
   <div class='ocr_carea' id='block_1_4' title="bbox 349 4053 1091 4261">
    <p class='ocr_par' dir='ltr' id='par_1_16' title="bbox 349 4053 1091 4261">
     <span class='ocr_line' id='line_1_30' title="bbox 349 4053 1004 4143; baseline -0.014 -19"><span class='ocrx_word' id='word_1_179' title='bbox 349 4059 502 4143; x_wconf 80' lang='lat' dir='ltr'><strong>Dispergit</strong></span> <span class='ocrx_word' id='word_1_180' title='bbox 514 4059 657 4133; x_wconf 81' lang='lat' dir='ltr'><strong>volucres,</strong></span> <span class='ocrx_word' id='word_1_181' title='bbox 673 4055 759 4118; x_wconf 87' lang='lat' dir='ltr'><strong>veluti</strong></span> <span class='ocrx_word' id='word_1_182' title='bbox 775 4057 820 4116; x_wconf 89' lang='lat' dir='ltr'><strong>leo</strong></span> <span class='ocrx_word' id='word_1_183' title='bbox 834 4053 937 4116; x_wconf 91' lang='lat' dir='ltr'><strong>nobilis</strong></span> <span class='ocrx_word' id='word_1_184' title='bbox 952 4053 1004 4130; x_wconf 92' lang='lat' dir='ltr'><strong>ire,</strong></span> 
     </span>
     <span class='ocr_line' id='line_1_31' title="bbox 353 4174 1091 4261; baseline -0.014 -15"><span class='ocrx_word' id='word_1_185' title='bbox 353 4185 447 4255; x_wconf 88' lang='lat' dir='ltr'><strong>Quem</strong></span> <span class='ocrx_word' id='word_1_186' title='bbox 461 4179 587 4243; x_wconf 90' lang='lat' dir='ltr'><strong>stimulat</strong></span> <span class='ocrx_word' id='word_1_187' title='bbox 600 4177 705 4261; x_wconf 90' lang='lat' dir='ltr'><strong>jejune</strong></span> <span class='ocrx_word' id='word_1_188' title='bbox 717 4177 806 4239; x_wconf 79' lang='lat' dir='ltr'><strong>tames</strong></span> <span class='ocrx_word' id='word_1_189' title='bbox 820 4181 849 4238; x_wconf 93' lang='lat' dir='ltr'><strong>et</strong></span> <span class='ocrx_word' id='word_1_190' title='bbox 863 4175 972 4236; x_wconf 85' lang='lat' dir='ltr'><strong>ventris</strong></span> <span class='ocrx_word' id='word_1_191' title='bbox 987 4174 1091 4253; x_wconf 80' lang='lat' dir='ltr'><strong>inanis,</strong></span> 
     </span>
    </p>
   </div>
   <div class='ocr_carea' id='block_1_5' title="bbox 0 0 1618 5168">
    <p class='ocr_par' dir='ltr' id='par_1_17' title="bbox 0 0 1618 5168">
     <span class='ocr_line' id='line_1_32' title="bbox 0 0 1618 5168; baseline 0 3"><span class='ocrx_word' id='word_1_192' title='bbox 0 0 1618 5168; x_wconf 95' lang='lat' dir='ltr'><strong> </strong></span> 
     </span>
    </p>
   </div>
  </div>
 </body>
</html>
