3226 5168
352 488 407 549 169
627 501 733 547 orara
755 499 868 546 arnon
892 500 1103 548 nnrrnanrn.

347 619 491 678 Enceoans
506 616 616 692 oculos,
634 616 709 678 vires
723 633 866 696 usumque
881 613 997 677 videndi

348 737 439 820 Eripit
452 737 593 814 attonitis,
608 736 663 800 nisi
677 755 741 799 cum
759 736 880 799 collusio
895 736 981 798 nubis

346 858 487 921 Ethereos
502 857 596 940 aperit
611 856 708 920 aditos
723 861 753 918 et
765 857 897 920 fulminat
910 856 1005 937 ignes.

348 979 432 1041 Unda
445 978 533 1040 uraris
546 977 695 1059 nimbique
706 977 826 1054 eadm
842 977 1011 1059 duplicique
1025 977 1139 1040 carinas

348 1099 522 1182 impugnant
536 1098 722 1180 redduntque
736 1117 839 1180 paves
854 1097 1023 1181 aspergine;
1040 1098 1154 1181 pondus

348 1220 444 1284 Nares
458 1225 545 1301 equat
559 1220 656 1297 undis,
672 1226 792 1300 equatas
807 1219 905 1282 obruit
919 1219 1007 1280 unda.

348 1343 440 1424 Regia
452 1345 514 1406 sola
528 1344 599 1407 ratis
613 1347 758 1426 superest,
775 1345 951 1424 superatque
966 1339 1093 1402 marinos

348 1465 467 1526 Fluctus
482 1469 511 1526 et
524 1464 609 1526 ssatus
624 1469 785 1526 ventorum.
829 1463 921 1525 Nocte
935 1463 1046 1543 iugata,

349 1586 437 1649 Grata
450 1586 579 1667 fatigatis
594 1590 738 1669 apparent
751 1585 833 1664 signa
848 1584 919 1659 dici;

349 1707 400 1769 Via
417 1707 515 1770 Austri
530 1707 607 1770 cedit
620 1707 709 1786 Euro,
725 1706 803 1769 cadit
817 1705 935 1768 humida
948 1707 1050 1768 nubes.

389 1829 479 1890 Terra
494 1834 574 1911 patet
588 1828 737 1910 precinctu
751 1827 834 1890 mari,
876 1829 937 1891 Rex
951 1828 1078 1910 applicat
1092 1827 1168 1904 ilinc,

350 1950 408 2022 Qui
423 1955 491 2032 post
507 1949 628 2012 amissos
643 1949 739 2012 socios
753 1949 906 2030 noctisque
920 1949 1059 2024 laborem,

349 2070 517 2151 Languidus
532 2075 561 2132 et
574 2071 676 2146 tristis,
693 2070 794 2153 capitis
808 2071 970 2150 mentisque
984 2069 1112 2132 dotorem

349 2191 404 2255 Vix
417 2192 542 2254 tolerare
555 2197 663 2274 potest.
706 2191 817 2272 Expers
831 2191 1004 2272 sompnique
1018 2191 1142 2271 cibique,

350 2314 490 2376 Noctibus
504 2317 619 2395 egrotat
631 2313 725 2376 tribus
739 2313 787 2376 hic
800 2312 978 2392 totidemque
993 2312 1107 2375 diebus.
1187 2297 1194 2314 ⁸

349 2434 463 2506 Quarto
477 2433 582 2497 deinde
596 2433 642 2498 dia
657 2433 740 2496 nimis
755 2435 856 2510 esurit,
872 2437 960 2512 atque
975 2433 1080 2495 ferinas

348 2553 459 2618 Carnes
472 2555 608 2618 ardenter
622 2559 714 2636 optat,
729 2573 856 2636 caroque
870 2554 977 2616 Briano

350 2675 460 2739 iudicat
474 2677 540 2739 hoc.
584 2679 661 2739 Arcu
676 2683 792 2759 sumpto
806 2676 999 2758 pharetraque
1012 2675 1135 2737 Brianus

348 2797 405 2860 Per
418 2801 507 2858 totarn
522 2796 675 2859 insolutam
690 2795 840 2872 discurrit3
856 2796 934 2857 nnita
948 2795 1072 2857 ierarann

349 2916 541 2998 Deprendens
556 2916 614 2979 illio
627 2916 759 2998 vestigia,
773 2915 905 2996 tangitur
920 2915 974 2991 ira,

350 3037 580 3118 Concutiturque
594 3043 684 3114 metu,
700 3057 737 3099 ne
749 3056 798 3100 res
812 3041 912 3118 optata
927 3035 1056 3097 dotorem

350 3159 523 3237 angmentet
536 3157 625 3238 regis,
641 3177 705 3220 cum
721 3177 778 3220 non
792 3156 934 3219 invenerit
948 3155 1036 3218 illurn.

351 3277 377 3339 0
392 3277 525 3340 miranda
538 3277 592 3340 viri
607 3277 736 3340 dilectior
750 3277 838 3356 digna
851 3276 943 3339 relatu

349 3397 515 3480 Audituque
529 3397 617 3462 fidest
632 3419 680 3462 res
693 3418 750 3461 non
764 3397 863 3460 audita
877 3395 1007 3478 priorum

348 3519 556 3600 Temporibus}
574 3525 685 3602 partem
699 3520 815 3582 semoris
830 3537 968 3581 mucrone
981 3517 1102 3580 recisam

348 3641 454 3702 Torret
466 3640 496 3703 in
509 3640 577 3722 igne
590 3641 651 3718 sui;
668 3647 773 3704 tostam
786 3647 867 3704 ratus
881 3661 946 3702 esse
960 3640 1092 3714 ferinam,

347 3759 494 3838 Vescitur,
510 3767 540 3824 et
552 3762 656 3844 recipit
669 3782 720 3824 rex
733 3763 810 3825 vires
824 3781 911 3825 carne
924 3765 1051 3842 recepta.

349 3881 419 3943 Inde
433 3881 507 3944 datis
521 3882 598 3945 Euro
615 3883 696 3955 velis,
712 3887 858 3964 portuque
872 3883 983 3959 relicto,

350 4001 458 4063 Tendit
469 4000 506 4062 ad
521 4002 696 4065 Armorioani
711 4003 872 4064 Salomonis
889 4003 995 4065 lumina
1009 4003 1098 4084 regis.

352 4122 414 4184 Rex
427 4122 503 4208 adit,
514 4128 543 4183 et
559 4129 656 4184 narrat
669 4123 708 4185 itti
723 4143 775 4186 sua
789 4125 858 4200 iata,
875 4125 1005 4204 petitque
