3272 5188
707 527 851 572 BBUTUS.

369 639 426 696 iios
439 640 508 696 mihi
520 653 605 708 regnu
618 639 681 695 dedi
694 641 741 708 qui
756 640 805 695 tibi
818 642 920 709 quique
934 640 1016 710 petri.

333 738 394 792 turn
408 737 456 790 tibi
469 737 551 804 friget
562 749 651 800 umor,
666 737 801 803 languent
812 735 951 790 connubio
963 741 1042 801 vnte;

369 831 496 886 Nondum
510 837 597 901 nupta
611 832 724 900 quidem
734 833 791 900 jam
805 832 917 886 viduata
931 832 1015 886 dolet.

335 927 458 983 Pulcrior
472 941 542 981 uxor
554 927 647 992 udest;
661 928 710 982 seri
723 927 849 992 barbaro,
865 926 914 980 sed
927 927 1053 994 fugitive,

372 1023 423 1078 Sed
436 1024 511 1092 iupa,
528 1022 575 1078 sed
589 1024 682 1078 cilices
696 1025 773 1078 nouit
785 1037 879 1078 umere
893 1037 987 1090 rugos.

335 1122 417 1177 Facta
428 1121 498 1186 lues,
514 1121 537 1174 si
552 1121 624 1176 torte
637 1135 738 1190 queam
751 1120 860 1175 vibrare
874 1120 1032 1189 bipennem,

372 1215 427 1280 Quo
441 1216 508 1269 mihi
521 1217 578 1270 sint
590 1217 664 1272 uires
676 1217 818 1285 experiere
830 1216 924 1270 modo.
943 1213 959 1238 ''

336 1311 393 1367 Hec
406 1312 511 1366 iterans
522 1311 660 1366 clamabat
671 1312 749 1377 item,
764 1312 901 1380 simulque
914 1311 1017 1366 furenti

372 1405 471 1472 Insilit,
485 1409 580 1474 opstat
592 1407 618 1462 ci
630 1407 716 1471 curia,
732 1419 840 1474 paxque
852 1405 945 1461 datur.

339 1501 397 1557 Rex
408 1501 492 1569 igitur
504 1501 642 1570 promisse
655 1499 728 1567 duci,
742 1501 799 1556 dux
812 1506 910 1556 mutue
923 1500 990 1569 regi,

338 1691 433 1754 Solvit.
448 1692 611 1756 etuxorci;
625 1690 768 1757 sedunus,
785 1690 835 1746 ced
848 1705 924 1757 curn,
941 1690 990 1746 sed
1005 1704 1094 1758 error,

374 1785 426 1841 Sed
438 1785 515 1841 tabor
527 1790 556 1842 et
565 1787 640 1855 jugis
653 1786 810 1843 sollicitudo
824 1785 916 1842 datur.

340 1975 466 2032 inlicitis
479 1976 573 2032 miuus
585 1973 665 2032 ardet
675 1991 764 2044 amor,
778 1978 873 2032 minus
885 1978 987 2032 acriter
999 1978 1056 2032 urit
1063 1993 1069 2044 ;

376 2071 439 2126 Pius
449 2071 529 2140 juvet
540 2072 652 2127 illicitus
666 2073 785 2142 plusque
798 2075 905 2142 saporis
918 2073 1012 2129 hebet.

341 2167 404 2223 Pius
416 2181 495 2222 umor
507 2167 661 2234 Hestrildis,
675 2170 769 2223 minus
780 2169 860 2222 ilium
875 2169 1071 2225 fluenduioene

377 2264 554 2330 Commovet;
569 2264 635 2319 hinc
649 2265 739 2320 fervet
751 2265 874 2332 tiammo,
888 2265 937 2321 sed
949 2267 1018 2320 mitri
1030 2264 1115 2322 dolet.

342 2357 474 2427 Quicquid
486 2361 586 2414 amatis
597 2362 703 2429 potitur
716 2366 848 2428 tunquam
863 2361 903 2414 nil
916 2362 1023 2415 senciat
1035 2361 1084 2426 itti,

377 2454 420 2508 Sic
433 2454 510 2508 labor
523 2461 568 2509 est
579 2456 701 2522 requies,
717 2455 758 2508 sic
770 2455 830 2509 leve
843 2454 912 2509 dura
925 2457 993 2524 poti.

343 2549 447 2604 Gaudet
458 2562 556 2603 emaus
568 2549 639 2603 meis
652 2549 732 2617 plura
745 2551 801 2618 pati
809 2565 816 2614 ;
831 2550 895 2616 quiu
908 2549 1028 2618 piurima
1042 2550 1157 2614 sudans,

379 2643 442 2698 Pius
454 2648 530 2697 umet
541 2643 678 2707 adversis,
693 2643 894 2711 multiplicatur
905 2658 993 2698 emor.

343 2739 385 2794 Fit
397 2753 508 2808 specus,
521 2739 605 2807 inque
618 2751 704 2807 specu
716 2739 843 2792 latitabat
858 2739 941 2808 iiiior.
954 2740 1036 2794 annis

379 2835 413 2889 ut
426 2835 513 2889 tribus
525 2833 681 2898 nequitate,
695 2847 801 2902 rexque
814 2835 918 2902 potitur
931 2849 972 2890 ce.

345 2930 414 2998 orgo
429 2935 518 2984 tumet
530 2937 622 2997 partu,
636 2933 729 2983 nutem
743 2931 825 2999 parit,
840 2935 957 2996 uirens,
973 2932 1043 2998 ipsa.

380 3025 461 3080 iteris
473 3025 596 3080 hominis
610 3027 731 3094 speciem
744 3031 836 3080 cetera
849 3041 920 3094 pene
932 3028 1019 3095 petris

345 3120 540 3177 Guendoloenu
553 3122 633 3190 perit,
648 3123 705 3176 nati
718 3122 751 3176 fit
762 3127 852 3177 mater
864 3124 892 3177 in
905 3137 963 3180 ore.

381 3219 476 3274 Gestat
487 3233 582 3285 evum,
596 3233 700 3274 nornen
710 3219 802 3274 fertur
813 3219 916 3275 hebere
927 3217 1038 3277 Medon.

347 3405 539 3462 fluendoioenu
551 3407 595 3460 sui
606 3411 671 3476 post
682 3407 738 3460 rete
750 3407 838 3475 petris
849 3406 1028 3477 reprobatum

382 3501 460 3557 Hunc
472 3503 550 3569 luget
562 3500 716 3568 Hestriidis,
732 3503 808 3570 regie
818 3502 893 3558 tecte
905 3515 1010 3559 comes.

348 3597 541 3653 fluendoloeue
553 3598 637 3662 dolet,
652 3598 758 3666 petitur
769 3597 913 3663 cornubie,
927 3597 1028 3664 vulgus

383 3694 520 3749 convocet
533 3699 562 3748 et
572 3707 712 3762 proceres,
727 3693 857 3758 consulit,
871 3698 933 3748 ectu
945 3694 1041 3747 refert.

348 3788 553 3858 coupnciuutur
563 3789 630 3844 here
642 3803 773 3858 proceres
785 3793 814 3843 et
827 3788 914 3858 prelia
926 3787 1053 3853 suadent,

384 3882 599 3954 conpauturque
611 3885 664 3939 sibi
677 3883 777 3950 vulgus
789 3890 818 3938 et
829 3895 907 3936 erma
920 3883 1004 3951 cupit.

349 3980 479 4035 Militibus
492 3980 597 4036 confisa
610 3982 678 4046 suis,
693 3981 785 4046 regino
799 3981 942 4033 tirannum

385 4077 497 4145 Inpetit,
510 4077 631 4131 afflictus
643 4075 677 4130 iit
689 4090 775 4145 prope
786 4074 884 4130 Sturen
898 4089 979 4144 aque.

350 4173 481 4227 Hostibus
493 4178 655 4242 oppugnent
667 4171 773 4238 hostes,
788 4173 917 4239 tenusque
930 4173 1031 4238 sagitta
