3226 5168
353 521 392 586 84
626 537 731 584 ocsrn
753 535 865 584 unone
888 531 1103 584 nnrrnnunn.

352 652 432 714 litum
446 669 598 734 possemus
612 669 696 714 verse
709 649 771 712 vice
786 649 909 712 reddere
923 649 1046 725 victum;

352 771 411 834 Sed
425 771 492 852 quin
505 770 545 833 dii
558 769 649 834 nostri
663 769 746 832 nobis
761 770 823 833 sine
838 769 908 832 cede
922 769 1099 852 triumphum

352 892 427 954 Sunt
441 891 510 955 dure
524 891 646 974 dignati,
662 911 719 956 unu
734 897 779 956 est
791 911 865 974 opus
879 891 993 973 agmine
1007 897 1098 954 tanto.

353 1012 384 1074 In
396 1011 531 1094 patrium,
547 1012 601 1075 nisi
615 1017 686 1094 quot
699 1012 760 1094 regi
775 1014 898 1075 retinere
911 1012 1048 1094 placebit,

350 1133 509 1214 Dirigimus
523 1133 632 1210 socios;
649 1135 694 1198 vel
707 1133 732 1197 si
745 1155 795 1198 rex
805 1133 941 1216 jusserit,
957 1153 1067 1212 omnes,

350 1253 381 1316 Si
394 1254 501 1336 placet,
518 1255 645 1336 resignet
658 1254 752 1332 uobis,
767 1259 939 1337 tempusque
954 1255 1115 1336 locumque,

349 1376 388 1438 Ut
401 1376 552 1439 tractaturi
565 1375 602 1439 de
616 1376 696 1458 pucis
711 1376 820 1454 sedere,
836 1379 920 1459 pulsu

230 1507 234 1516 '
348 1497 520 1580 Suspicione
534 1497 603 1576 doli,
619 1499 693 1562 bene
706 1498 908 1562 conveniemus
922 1498 1056 1560 inermes.
1071 1497 1085 1521 ”

348 1616 444 1680 Prima
458 1617 521 1680 dies
534 1617 642 1682 mensis
656 1618 798 1702 majorum
812 1619 926 1681 nomine
940 1617 1009 1680 dicti

348 1737 521 1819 Assignutur
535 1737 590 1816 eis,
606 1743 760 1820 certusque
773 1739 870 1814 iocus;
888 1737 964 1800 venit
979 1737 1046 1799 illuc

347 1857 498 1921 Sediciosu
511 1860 627 1936 cohors,
644 1860 753 1922 cultros
767 1859 821 1922 suh
836 1877 919 1920 crure
932 1855 1104 1933 recondens,

347 1979 383 2040 Et
395 1979 528 2042 Britones
542 1979 671 2057 veniunt,
685 1979 801 2042 minime
814 1999 887 2060 gens
901 1977 1091 2042 crudelitatis.

347 2100 423 2162 Dum
437 2098 474 2162 do
489 2099 603 2162 oomnui
616 2104 774 2164 tractarent
788 2099 923 2178 utilitate,

345 2218 483 2300 Engistus
496 2219 583 2282 sociis
597 2220 648 2283 det
660 2220 773 2302 siguum
787 2219 975 2303 prodicionis.

346 2339 492 2417 Protinus,
509 2340 643 2404 extructis
657 2339 768 2418 cultris,
783 2357 855 2420 gens
869 2338 981 2422 periide
998 2339 1103 2402 Christi

346 2459 469 2542 impedit
481 2460 610 2524 incantos
626 2460 702 2523 nullo
718 2459 884 2523 discrimine
898 2479 1010 2522 servos.

346 2580 417 2643 Pars
431 2587 526 2644 tumen
540 2581 665 2659 illorum,
681 2584 819 2662 perceptu
833 2579 991 2655 sedicione,

346 2701 480 2764 Fustibus
492 2707 521 2764 et
534 2702 611 2766 suxis
624 2706 686 2765 toto
701 2700 849 2764 conamine
862 2699 969 2777 missis,

345 2821 506 2885 Nonnuilos
519 2822 645 2904 perimit.
689 2821 798 2886 Consul
812 2821 985 2884 fortissimus
999 2819 1090 2883 Eidon

346 2941 633 3019 claudiocestrensis,
647 2941 728 3022 tigno
743 2940 821 3022 quod
835 2945 930 3022 gestet
942 2940 1095 3017 honustus,

348 3061 536 3143 Quocumque
551 3061 677 3142 attingit,
693 3062 868 3124 confractum
883 3061 912 3122 in
926 3061 1049 3123 Tartaru
1062 3059 1162 3122 trudit.

346 3181 418 3245 Huic
430 3182 591 3260 humerum,
607 3182 648 3244 illi
661 3201 739 3260 crus,
754 3183 830 3244 istus
843 3180 922 3258 huic,
939 3185 1026 3262 ceput
1040 3178 1136 3242 obruit
1148 3178 1203 3254 iili;

345 3303 405 3364 Sed
419 3301 486 3383 quis
498 3300 610 3385 perfide
623 3320 694 3383 gens
708 3320 827 3364 numero
842 3300 972 3384 precellit
984 3303 1014 3362 et
1026 3299 1123 3376 ermis,

345 3422 506 3504 Diffugiunt
518 3422 612 3504 spursi
625 3441 678 3504 per
691 3421 775 3485 devia
788 3440 857 3485 rure
870 3421 1011 3483 Britanni.

346 3544 428 3616 Quos
441 3545 486 3607 vel
500 3563 578 3607 mors
590 3544 634 3606 vel
647 3543 735 3624 pinge
748 3541 826 3620 sinit,
841 3541 963 3604 victorie
975 3539 1095 3623 plaudet

345 3666 522 3742 Senonibus3
538 3683 692 3746 regemque
705 3667 805 3726 tenent
818 3665 990 3742 serventque
1004 3660 1135 3741 ligatum,

345 3787 445 3848 Donec
458 3785 562 3848 reddet
575 3784 617 3847 eis
632 3785 718 3848 urbes
732 3789 762 3846 et
775 3783 864 3865 opidn
876 3781 969 3864 regni.

345 3905 625 3983 hostibusiilesuis,
642 3904 902 3987 quemvisinnitus,
917 3902 1029 3978 obedit;
1312 3919 1373 3967 soso

344 4026 447 4090 Tradit
461 4026 504 4090 eis
519 4045 618 4089 omnes
631 4027 724 4110 regni,
741 4045 804 4088 cum
820 4024 960 4100 turribus,
976 4025 1074 4086 urbes.

385 4149 456 4213 Cum
471 4149 638 4214 nonnullum
652 4148 726 4211 muri
740 4147 884 4210 munimen
898 4146 1005 4208 hebere
