3226 5168
627 518 728 562 tinnit
750 517 913 562 oculanS.

254 634 268 658 ‘'
281 637 417 708 Artums,
434 632 518 714 eujus
532 629 666 712 injussis
682 627 791 703 obvias,
808 628 873 708 ipso

255 755 297 816 Te
311 755 387 815 laeto
403 752 551 832 dampnat.
595 748 662 810 Tibi
677 747 810 830 precipit,
826 747 923 809 inclite
938 749 1017 820 Luci,

254 874 292 936 Ut
305 874 375 934 duur
388 892 436 934 res
450 871 571 954 patitur,
588 869 681 949 lugias
696 867 733 930 de
747 868 880 950 partibus
896 868 970 930 istis.
986 868 1001 890 '⁹

255 991 452 1064 Quintilianus
466 991 518 1066 eis,
534 990 577 1052 ira
591 989 731 1068 dictante,
746 989 883 1068 loquutus

254 1113 307 1174 list
320 1111 362 1173 ita
378 1134 384 1172 :
401 1111 416 1136 “
428 1112 504 1173 Sunt
516 1110 652 1173 Britones
666 1114 723 1170 tarn
737 1128 868 1188 requam
883 1110 996 1172 numine
1011 1111 1103 1184 Bruti,

255 1233 387 1304 Quorum
401 1231 477 1294 bella
490 1230 577 1306 mine,
593 1247 715 1308 quorum
728 1227 871 1310 jactancia
884 1229 988 1292 virtus.

253 1353 318 1414 Non
332 1351 410 1414 venit
422 1355 454 1414 ni
468 1350 571 1431 fngiat,
588 1349 639 1412 sed
655 1354 687 1412 ut
700 1349 809 1429 atlagei
823 1348 976 1430 imperialia

253 1471 403 1554 llajestas.
446 1470 579 1532 Britones
595 1469 716 1550 lugiunt,
733 1487 882 1548 regnoque
895 1469 1033 1532 Britururu

255 1592 359 1654 intenti
373 1591 498 1655 reddant
512 1591 597 1652 notris
612 1589 674 1652 sine
688 1589 739 1651 lite
754 1588 905 1652 tributum.
920 1590 935 1614 ’¹

254 1713 341 1774 Plura
354 1714 539 1792 loqnutnrnun
557 1709 707 1790 Galgnnus
722 1709 827 1770 lumine
841 1714 923 1772 torro

253 1832 448 1914 Prospiciens,
465 1832 506 1892 sie
520 1830 652 1911 inquitet
671 1853 677 1890 :
694 1829 764 1891 “Te
779 1834 852 1892 leste
867 1832 997 1912 probatu

253 1955 317 2014 Non
333 1952 438 2033 linguis
453 1956 565 2014 tantum
582 1951 717 2014 Britones
732 1949 884 2031 prodesse,
899 1951 951 2014 sed
966 1953 1063 2015 aruris.
1080 1954 1094 1972 ''

254 2074 344 2150 nint,
361 2078 392 2137 et
405 2071 535 2136 extracto¹
546 2073 644 2154 gladio
659 2078 748 2155 caput
761 2077 893 2155 amputat
905 2073 981 2155 ejus.

255 2197 324 2260 inde
338 2196 482 2260 vehuntur
496 2195 579 2276 equis
594 2199 623 2257 et
637 2215 687 2257 eos
702 2195 861 2258 calcaribus
877 2201 981 2274 urgent

255 2317 365 2398 legati,
380 2319 574 2398 repetuntque
588 2333 667 2378 suos.
713 2317 841 2378 Romana
851 2315 992 2398 juventus

254 2439 320 2501 ilios
333 2437 506 2518 insequitur,
522 2435 679 2498 vindictam
694 2455 809 2500 sumere
823 2438 950 2520 prompti

254 2561 298 2622 Da
313 2578 383 2622 nece
397 2557 538 2633 concivis;
554 2557 608 2621 sed
621 2557 691 2622 toria
704 2559 781 2620 Boeo
796 2557 923 2622 reductis

253 2682 364 2762 Raptus
378 2679 407 2742 in
422 2677 591 2759 Hesperios,
607 2677 719 2740 vibrata
732 2677 826 2740 naiait
838 2679 922 2740 hasta

254 2803 395 2882 insignem
406 2801 544 2884 juvenem
558 2799 646 2864 Fabia
659 2799 697 2862 de
710 2805 798 2879 genta
812 2805 950 2864 creatum.

254 2921 342 2995 Quod
356 2941 421 2985 enm
440 2921 558 2985 Carnoti
573 2922 673 2982 consul
689 2920 780 2996 videt,
796 2921 907 2984 invidet
920 2923 986 3004 ejus

254 3045 346 3120 Antis,
362 3049 391 3107 et
405 3063 490 3106 versa
503 3044 576 3106 laeie
590 3063 621 3106 se
635 3042 721 3104 mittit
735 3043 765 3104 in
779 3044 896 3118 hostes;

253 3169 289 3229 Et
302 3166 409 3229 lenens
422 3165 522 3228 tieiunr
537 3165 586 3246 qni
600 3166 749 3246 proximus
763 3165 862 3228 obviat
876 3166 927 3242 iti,

253 3289 350 3350 Deinit
362 3307 381 3350 a
394 3287 466 3350 aella
478 3287 556 3350 letali
571 3287 692 3350 vulnere
706 3288 809 3349 lesum.

254 3410 384 3473 lmmiuet
396 3429 414 3472 a
427 3414 510 3490 tergo
527 3409 657 3489 Galgano
672 3410 799 3485 Munius;
815 3411 893 3473 illum

255 3532 402 3613 Galgauns
415 3531 571 3615 perimens,
587 3550 738 3614 aeorpora
752 3533 856 3596 dividit
870 3532 935 3615 ejus

254 3655 289 3715 Et
303 3659 392 3736 eaput
404 3659 434 3716 et
445 3655 571 3734 galeam
588 3654 660 3716 dicit
673 3673 787 3735 qunque
802 3654 979 3726 Quintiliano
997 3675 1003 3714 :

252 3775 267 3802 ‘¹
278 3777 401 3838 tanetus
414 3775 445 3838 in
458 3775 569 3838 interno
585 3776 718 3840 Britones
731 3776 888 3858 linguaque
901 3796 1047 3855 manuque

254 3897 325 3959 Esse
337 3897 447 3978 probos
461 3901 491 3960 te
505 3901 578 3960 teste
592 3899 696 3979 proba,
712 3900 912 3980 reprobosqne
927 3898 1050 3978 probato
1062 3895 1078 3920 '²

254 4019 383 4081 Ytalieos
398 4019 552 4100 sociosque
568 4019 643 4082 duos
657 4021 790 4082 hortatur
804 4017 941 4098 elinquit
958 4040 964 4078 :

253 4139 269 4166 ‘⁸
281 4139 381 4202 lnvieti
396 4159 544 4222 proceres,
559 4159 669 4202 mecum
684 4144 850 4221 properata,
868 4137 999 4210 Quirites

1223 1129 1285 1177 alin
