3206 5134
365 499 403 562 58
642 515 747 560 unsri
769 515 880 560 ennon
904 517 1122 564 scissuris.

363 631 388 691 Α
402 631 463 689 toto
478 627 594 688 diverse
608 645 660 688 suo
678 645 684 687 ε
702 631 731 689 te
746 625 888 708 deprecor
902 646 972 709 crgo

363 752 402 815 Ut
415 749 511 812 mittes
527 749 639 828 sliquos
653 748 683 812 in
698 749 806 812 Christi
820 750 884 830 lege
898 749 1008 832 peritos

363 871 409 935 nd
423 875 522 954 perles
535 879 660 947 vestras,
677 871 726 952 qui
740 891 786 934 me
799 873 997 954 populumque
1011 871 1182 936 Britannum

363 991 520 1054 informent
533 991 729 1072 mundenlque
742 992 816 1055 socri
831 992 1003 1075 baptismate
1015 993 1114 1056 lontis.
1127 993 1143 1018 ''

403 1113 455 1176 Est
468 1113 557 1194 igitur
570 1113 647 1194 regis
662 1113 761 1176 auditu
773 1113 879 1196 peticio
895 1113 998 1194 dignm

363 1235 495 1315 Namque
510 1233 584 1296 dnos
598 1234 685 1296 mittit
698 1235 797 1316 presul
810 1235 1009 1298 sanctissimus
1024 1235 1093 1298 illuc

363 1356 508 1418 Doctores
523 1355 602 1433 fidei,
618 1355 667 1436 qui
681 1355 755 1418 socri
770 1355 895 1436 gurgitis
909 1355 988 1419 undu

363 1479 507 1542 Devotum
521 1478 660 1542 mundent
672 1497 770 1560 regem
785 1479 920 1559 regimus
933 1479 1093 1542 ministros.

362 1598 500 1681 Exemplo
516 1599 669 1662 verborum
682 1603 787 1661 vocent
800 1597 838 1660 ud
852 1599 960 1681 premis
977 1599 1034 1662 uile

362 1720 470 1784 'l'ocins
483 1719 566 1802 regni
580 1722 731 1804 populum,
747 1720 864 1802 verique
879 1721 984 1783 luvucri

361 1842 448 1906 Unde
461 1841 628 1926 purificent;
645 1849 675 1905 et
689 1843 783 1926 phsns
797 1843 948 1926 prophunu
962 1843 1082 1906 deorum

363 1966 471 2028 Suncts
484 1965 548 2027 Deo
563 1965 728 2046 sanctisque
743 1965 846 2042 ditant,
862 1964 1038 2046 traduntque
1051 1967 1181 2048 probetis

362 2087 414 2150 illa
428 2087 549 2151 colende
564 2087 631 2148 viris
645 2086 851 2168 Christumque
866 2086 1008 2168 fidemque
1022 2087 1171 2170 professis.

363 2211 521 2292 Assiguunt
534 2211 622 2272 urbes
636 2209 764 2290 ringenti
778 2215 808 2272 et
822 2215 886 2272 octo
901 2210 1020 2272 sucrutis

362 2331 530 2395 Presulibus
544 2331 680 2408 totidem,
696 2331 748 2394 sed
764 2332 935 2394 submittunt
948 2331 1041 2394 tribus
1055 2332 1118 2394 illos

361 2452 622 2536 Archipresulibus.
666 2451 737 2515 Pers
751 2451 883 2535 subjacet
897 2451 1085 2530 Eboruoensi,

362 2575 435 2641 Cum
451 2575 506 2638 sibi
522 2574 682 2638 commissis
695 2574 829 2657 populis;
845 2593 914 2657 pers
929 2574 1133 2652 trudoniensi,

361 2697 433 2760 Pars
448 2695 632 2778 Legiouensi.
675 2695 725 2759 Sic
739 2695 885 2779 disjuncte
898 2695 1026 2777 regione,

361 2819 505 2882 Doctores
518 2819 638 2882 Romam
653 2821 798 2900 repetunt.
842 2817 1000 2882 Confirmat
1013 2839 1113 2882 eorum

361 2939 466 3002 Dictus
480 2939 657 3022 apostolicus
671 2939 791 3002 iactum.
834 2939 907 3002 Sunt
922 2939 998 3004 idem
1013 2941 1122 3002 reversi

362 3059 436 3124 Cum
450 3060 557 3123 sanctis
572 3059 645 3138 eliis,
662 3079 784 3142 quorum
799 3059 931 3124 doctrine
944 3061 1045 3124 fideles

364 3179 471 3244 Reddit
485 3185 514 3243 et
527 3180 660 3243 informat
674 3181 702 3243 in
716 3179 825 3244 Christi
839 3181 903 3262 lege
917 3181 1081 3246 Britannos.

402 3303 509 3366 Lucius
522 3303 642 3384 interes,
658 3321 780 3385 regnum
794 3305 890 3366 lucere
905 3323 1026 3366 corusca

362 3427 439 3488 leuce
453 3445 526 3488 nove
540 3423 607 3488 iidei
621 3425 762 3506 gaudem,
779 3425 923 3488 convertit
936 3426 967 3488 in
982 3446 1053 3490 usus

361 3545 499 3625 Ecclesie,
515 3567 570 3630 que
582 3549 689 3630 templs
702 3547 785 3631 prius
798 3553 918 3611 tenuere
933 3547 1063 3614 deornm.

363 3667 405 3730 Er
419 3666 565 3748 octoginta
577 3666 728 3730 subductis
743 3672 868 3748 quotuor
883 3669 965 3734 suuis

360 3789 431 3850 Post
444 3789 622 3852 incarnatum
637 3789 736 3853 celesti
749 3791 858 3853 semine
871 3791 1011 3869 Verbum,

361 3909 468 3974 Lucius
482 3909 615 3973 ethereus
628 3910 704 3974 letus
717 3911 836 3974 secessit
849 3911 878 3974 in
892 3931 993 3988 suras3

362 4033 399 4099 Et
412 4032 481 4116 quie
495 4032 621 4097 decessit
633 4032 696 4097 sine
709 4035 802 4115 prole,
818 4034 966 4099 Britannia
979 4034 1072 4117 llnjor

360 4158 440 4248 Rege
454 4175 566 4234 cereus,
583 4156 693 4246 spernit
707 4157 841 4225 Romanis
855 4157 967 4225 soluere
982 4176 1109 4222 censum.
