3226 5168
570 537 675 584 utens
695 535 854 584 DECIUS.

197 652 305 718 Oueins
319 651 484 718 intereunt.¹
514 655 585 716 Luto
597 661 643 716 est
656 652 813 730 sentencia,
830 653 915 714 istem

197 775 324 856 Angelus
338 775 499 856 exequitur,
515 775 600 859 eujus
615 793 751 838 mucrone
765 772 907 856 perempti

197 895 289 958 Morte
303 896 367 978 peri
380 896 516 960 Britones
529 901 663 980 pereunt,
679 895 836 976 insonsque
850 912 986 974 reusque.

199 1019 328 1083 Saxones
342 1026 371 1082 et
384 1020 475 1096 Deiri,
491 1019 563 1082 Picti
578 1019 725 1100 Scotique,
739 1018 832 1082 redite

200 1142 231 1203 ln
245 1159 365 1221 regnum
379 1145 476 1204 tutore
491 1161 592 1204 cerens
609 1162 615 1202 :
629 1141 680 1225 jus
695 1141 829 1204 vendicat
842 1139 924 1216 inirc,

201 1262 259 1335 Qui
274 1263 354 1346 prior
368 1263 476 1327 insedit
490 1284 550 1328 rem
565 1283 650 1346 quem
666 1283 724 1326 non
739 1262 871 1346 possidet
884 1262 967 1324 atter.
980 1261 995 1286 ''

242 1386 354 1448 Interea
367 1405 433 1448 cum
448 1387 540 1450 ctusso
554 1405 607 1448 sue
620 1405 671 1448 rex
685 1385 775 1448 tristis
789 1390 819 1446 et
830 1385 896 1448 exut

202 1507 292 1570 tntrut
304 1506 332 1570 in
348 1507 537 1585 Armoriceun,
554 1527 638 1588 quern
653 1508 712 1572 dux
726 1506 844 1570 illustris
859 1507 967 1570 Alenus

201 1627 337 1711 Suscipit,
353 1633 382 1692 et
395 1630 506 1692 retovet
519 1629 743 1710 consolaturque
757 1628 911 1690 dolentem.
1170 1649 1230 1698 urso

202 1749 305 1814 cetere
318 1771 387 1834 pers
401 1751 551 1815 Britonnm
566 1771 651 1832 quem
665 1769 744 1814 mors
757 1749 888 1832 permisit
902 1751 990 1826 ubire,

203 1873 233 1934 tn
248 1871 363 1934 diverso
376 1873 450 1955 tngit
463 1893 520 1955 quo
535 1893 600 1936 sors
614 1892 667 1936 sne
680 1871 780 1953 dirigit
792 1872 867 1936 iltos.

203 1997 242 2054 At
255 1993 338 2056 simul
351 1999 396 2056 est
410 1993 510 2057 secieto
523 1995 598 2071 lues,
615 1999 771 2076 optatoque
784 1994 860 2056 uenit

204 2113 358 2192 Fertitites,
374 2121 404 2176 et
417 2114 565 2178 Senonicis
579 2121 624 2178 est
636 2114 751 2195 cognite
765 2134 861 2178 rerum

205 2232 358 2298 Gestarum
371 2235 473 2313 series,
487 2255 609 2317 regnum
623 2236 684 2298 sine
699 2255 779 2317 rege,
795 2236 913 2315 suisque

204 2355 382 2438 Depressum
395 2355 521 2439 populis,
536 2361 683 2438 repetunt,
699 2356 886 2436 habitentque
900 2357 1065 2436 coluntque.

205 2477 271 2548 Que
285 2477 459 2542 Ceduuledri
473 2485 626 2561 postquem
640 2499 688 2542 res
703 2478 799 2560 attigit
812 2497 910 2556 eures,

205 2596 372 2680 Congregnt
385 2599 695 2683 nmorieosjnvenes,
712 2605 752 2678 et,
769 2601 861 2662 classe
876 2603 987 2682 purete,

206 2720 346 2782 Strenuus
359 2719 401 2782 ire
415 2725 498 2802 peret
511 2720 540 2783 iu
555 2721 695 2797 Senones,
712 2725 742 2782 et
754 2720 922 2802 religionem

207 2839 352 2904 tttnstrere
365 2859 458 2917 suum,
474 2859 653 2922 regnumque
667 2861 814 2904 resumere
828 2841 926 2922 regni3
1175 2865 1235 2912 suso

208 2959 279 3023 Cum
295 2980 351 3022 nox
365 2961 403 3024 de
416 2961 478 3024 eeto
493 2961 674 3024 descendens
689 2968 773 3026 nocte
787 2962 913 3044 sopitum

207 3081 319 3143 Excitet
332 3087 419 3162 etque
435 3087 512 3144 vetut
524 3065 622 3164 regern
637 3103 694 3164 quo
710 3083 818 3164 cogitet
830 3083 884 3158 ire,

207 3203 315 3266 Dicens
333 3225 339 3263 :
357 3201 373 3228 “
383 3203 474 3266 Peroe
488 3204 545 3266 tuis
559 3205 643 3266 rotis.
688 3205 799 3286 Optere
813 3223 898 3283 quern
912 3213 996 3286 optus

207 3323 323 3386 Utiliter
338 3329 389 3388 tue
402 3325 584 3408 reprohibet;
602 3324 764 3406 sapiencius
777 3331 858 3408 opto.

208 3444 360 3527 Temporis
373 3445 430 3509 iste
442 3445 485 3509 tui
500 3465 557 3508 uon
571 3428 616 3508 est
627 3445 748 3508 victorie
761 3445 824 3522 itle;

208 3567 267 3630 iste
278 3573 474 3650 reserrentur,
489 3568 609 3632 Mertino
623 3573 709 3645 teste,
724 3568 840 3630 tuturis.

208 3687 282 3750 Ecce
296 3687 360 3751 dies
374 3689 478 3766 veniet,
497 3689 624 3753 uenturis
639 3694 722 3770 grate
734 3689 880 3753 Britannis
898 3713 904 3750 ε

210 3807 291 3870 Exilii
306 3807 381 3886 finis,
396 3829 489 3872 nunus
499 3809 639 3892 jubileus,
655 3810 737 3891 origo

210 3929 326 4006 beticic,
342 3929 425 4010 regni
438 3931 599 4012 repurecio,
614 3951 726 3994 summe
739 3933 896 4008 bonorum;

210 4049 371 4112 Senonibus
384 4055 489 4127 terror,
506 4052 645 4132 regnandi
659 4057 745 4128 mete,
762 4052 877 4114 dolendi

212 4167 399 4254 Principium,
415 4176 529 4254 tompus
544 4171 685 4253 fugiendi,
701 4191 788 4234 cause
800 4173 950 4235 mutorum.
