3226 5168
643 517 746 562 lellll
769 517 889 563 tultus.

252 631 352 694 Artori
365 635 477 694 terrore
491 634 629 692 tremunt.
673 627 823 710 llyspenie
836 647 936 709 paoem

250 752 384 815 Postulat
397 756 427 814 et
441 750 552 814 veniam
566 750 676 832 poscit;
692 749 866 829 quicumque
879 751 1006 830 superbo

251 871 429 936 Controdioit
445 872 482 948 ei,
499 891 531 934 se
545 869 694 952 dampnat,
711 889 801 950 seque
814 874 913 932 reatus

251 993 400 1076 Reprobat
414 1013 478 1056 esse
492 1011 572 1054 reum
587 1011 641 1054 neo
655 991 775 1072 dignum
790 990 896 1054 dooere
910 991 1006 1054 vitum.

252 1117 278 1178 0
293 1115 394 1178 miseri
411 1135 429 1177 o
444 1114 554 1178 vietme
567 1133 683 1196 perum,
698 1113 763 1194 quis
777 1116 807 1174 te
820 1111 909 1174 trehit
922 1131 1004 1176 error

251 1240 290 1301 Ut
304 1257 443 1320 superare
456 1241 543 1320 putes
556 1255 622 1299 oum
636 1235 737 1317 paucis
751 1234 882 1297 hostibus
896 1233 975 1297 illum

253 1363 347 1434 Quem
360 1364 440 1422 totus
453 1358 556 1422 metuit
569 1357 704 1433 mundus,
721 1375 806 1437 quem
820 1360 898 1418 totus
912 1357 1049 1420 obhorret

253 1481 428 1564 llntipodum
444 1479 581 1562 populus,
597 1477 644 1540 oui
658 1477 759 1539 mortis
772 1495 871 1552 muse,
887 1478 1029 1559 propbeta

251 1603 370 1666 llerlino
384 1603 520 1676 testante,
536 1600 582 1662 vio
595 1604 650 1675 est,
667 1600 692 1662 si
707 1597 852 1662 oredimus
866 1597 924 1660 illil

252 1723 311 1785 Sed
325 1722 404 1804 quod
418 1723 542 1784 latorum
557 1725 658 1782 ooutre
672 1717 791 1782 decreto
805 1718 903 1780 venire

252 1843 328 1906 Nulli
343 1843 515 1926 permissum
529 1847 584 1918 est,
601 1841 639 1904 ed
654 1841 758 1904 bellum
773 1839 868 1904 tendit
881 1845 1012 1922 uterque.

253 1969 326 2028 Ante
340 1965 440 2028 dotum
454 1964 532 2040 letis,
548 1963 624 2026 ooies
638 1961 768 2046 disponit
782 1968 913 2043 uterque.

252 2084 409 2149 Modredus
422 2083 524 2146 statuit
538 2089 597 2145 tres
612 2088 723 2146 termes
737 2088 768 2146 et
780 2081 923 2163 legionem

254 2206 397 2279 Qualibus
411 2205 441 2270 in
454 2211 548 2268 turmo
562 2205 658 2286 ponit3
676 2205 731 2266 sibi
746 2223 797 2266 sex
810 2205 939 2284 legiones

254 2329 368 2404 Servat,
384 2332 414 2390 et
427 2328 584 2390 observent
596 2325 702 2408 ipsum.
747 2325 884 2388 Sublimis
898 2335 1000 2409 operte

253 2451 334 2511 Vooe
348 2467 418 2512 suos
432 2447 527 2512 socios
541 2447 706 2522 exhortans,
723 2446 765 2510 sie
778 2447 819 2510 eit
831 2446 886 2510 illis
904 2469 910 2508 ε

294 2571 308 2596 “
320 2571 347 2635 0
358 2570 483 2653 juvenes
497 2570 645 2649 sortesque
658 2567 725 2646 viri,
740 2568 915 2650 prosternite
929 2587 1040 2632 mecum

254 2691 395 2756 Emeritos
407 2708 575 2773 paucosque
589 2709 683 2766 senes,
701 2707 775 2770 quos
788 2690 876 2769 longe
889 2689 1029 2752 melorum

254 2812 393 2875 Debilitst
406 2811 508 2888 series,
524 2813 679 2890 vesterque
692 2808 824 2892 possidet
837 2808 938 2872 bostis.

255 2935 378 3016 Assigno
392 2933 474 2996 vobis
489 2933 588 3009 urbes,
604 2931 723 2994 castelle
736 2930 907 3014 domosque.
921 2934 936 2958 ”

255 3055 378 3136 Agmine
389 3075 458 3118 vero
473 3073 586 3131 novem,
602 3051 722 3116 tolidem
737 3055 889 3117 commisse
902 3055 1058 3138 megisti-is,

255 3177 379 3243 Ordinst
392 3177 527 3253 Artnrm,
544 3181 574 3238 et
587 3175 628 3238 eis
640 3175 696 3237 boo
709 3175 811 3239 ordine
825 3176 895 3240 dioil
912 3197 918 3236 :

253 3299 269 3325 ‘³
281 3299 308 3362 0
322 3317 475 3382 prooerum
490 3314 632 3378 generose
646 3296 763 3358 cohors!
779 3315 796 3357 o
810 3315 928 3360 munere
942 3317 1063 3378 quorum

254 3423 300 3485 lle
314 3419 416 3482 metuit
429 3417 566 3496 mondus,
582 3437 705 3498 quornm
719 3419 851 3499 belloque
864 3423 991 3500 legeque

256 3540 382 3605 Consilio
396 3541 487 3604 lretns
501 3539 598 3602 domui
613 3545 657 3602 tot
671 3539 783 3602 climate
796 3539 909 3602 mundil

255 3665 328 3726 Ecoe
340 3663 466 3746 phelenx
478 3661 608 3745 perjure,
626 3679 697 3742 vege
711 3663 777 3726 loce
790 3680 919 3742 congrus
932 3681 1067 3742 querens,

256 3783 428 3848 Cornubiem
443 3781 545 3866 peciit;
561 3801 614 3846 neo
628 3783 737 3845 babens
751 3801 809 3862 quo
824 3782 946 3864 prodest
961 3784 1045 3859 ultre,

255 3907 355 3968 ltostet
368 3903 418 3980 ibi,
434 3903 472 3966 de
485 3924 517 3967 se
532 3903 704 3986 desperans,
719 3907 880 3983 cuncteque
893 3903 1029 3983 relinquit

256 4025 380 4088 Arbitrio
395 4027 457 4088 inti.
501 4027 635 4088 Lous'esl
649 4031 677 4088 et
692 4027 768 4088 ieme
780 4025 936 4106 perhennis

256 4149 314 4211 Tot
326 4147 411 4211 simul
425 4168 443 4212 s
457 4149 555 4232 peusis
569 4149 713 4232 superori,
729 4167 782 4212 neo
795 4149 876 4211 lebor
890 4148 1002 4229 ingens.
