3206 5134
573 503 677 550 brnen
697 502 881 550 SECUNDUS.

211 622 372 682 Ebraucum
384 617 521 700 juvenem
536 616 621 692 lutat,
635 614 791 694 venerique
804 613 929 678 nefande

211 740 335 802 Deditns
350 737 470 800 offendit
483 741 629 812 naturam
644 738 784 816 provocat
795 733 867 796 iram

212 861 416 938 offensamque
431 857 497 918 Dei.
542 854 678 935 Vingenti
692 854 796 936 polluit
808 854 891 917 annis

210 982 375 1062 Sceptrum,
390 978 459 1040 dum
472 976 601 1052 tandem,
617 975 695 1038 silvis
709 980 843 1053 venante,
858 975 979 1040 inillam

210 1101 333 1162 Exercet
344 1097 453 1160 rabiem
467 1096 615 1160 serissima
628 1095 714 1156 turba
727 1095 872 1177 lnporum,

210 1221 416 1300 Dilaniantque
428 1218 534 1300 ipsum.
577 1215 625 1278 Sic
639 1235 716 1278 mors
729 1215 846 1278 infanda
859 1215 1045 1297 nephandam

210 1340 311 1403 Perdit
327 1361 334 1400 :
351 1339 388 1402 ab
402 1337 521 1400 introitu
535 1357 592 1400 non
606 1335 753 1417 discrepat
766 1336 859 1399 exitus
873 1337 950 1420 ejus.

210 1461 293 1523 Tunc
306 1460 335 1522 in
348 1460 364 1520 J
366 1459 441 1521 adea
453 1478 504 1521 rex
518 1457 588 1520 Saul
601 1459 717 1538 sceptra
730 1456 856 1518 tenebat.

208 1583 356 1644 Ebraucus
370 1579 447 1662 patri
461 1576 600 1654 succedit,
616 1596 738 1658 corpore
752 1594 875 1656 magnus

209 1706 245 1766 Et
259 1703 354 1765 fortis.
396 1700 510 1763 Primus
523 1703 591 1782 post
604 1700 726 1762 Brutum
741 1697 852 1762 Gallica
865 1717 956 1780 regna

210 1825 310 1888 Classe
323 1821 410 1904 petit3
427 1821 504 1883 ferro
518 1819 651 1900 regiones
665 1823 759 1881 vastat
772 1823 802 1880 et
814 1817 884 1898 igni.

209 1945 362 2008 Transiert
375 1942 464 2004 victor
479 1959 549 2022 opes
565 1939 726 2016 Gallorum
743 1939 816 2002 ditat
833 1940 954 2016 amicos;

209 2063 339 2145 Vinginti
353 2067 436 2124 natos
450 2061 552 2123 babuit
566 2065 706 2140 natusque
720 2059 820 2122 decem
833 2065 879 2122 ter

208 2186 250 2247 Er
263 2182 383 2264 vinginti
398 2180 571 2262 conjugibus
585 2199 657 2260 quas
670 2179 734 2261 ipse
748 2180 874 2242 tenebat.

208 2297 315 2362 Silvius
329 2297 358 2358 in
372 2295 453 2358 Latio
468 2298 648 2356 successerat
661 2294 735 2356 Alba
748 2294 860 2356 Latino.

207 2418 280 2500 Ejus
295 2415 461 2499 conjugium
475 2413 687 2494 dedignabatur
700 2413 771 2476 inira

207 2539 309 2600 Turba
323 2535 508 2610 Sabinarum
525 2533 604 2614 quod
618 2553 683 2597 cum
696 2535 772 2598 sama
785 2535 928 2598 referente

138 2693 146 2706 .
208 2659 347 2724 Constitit
359 2659 502 2734 Ebrauco,
518 2657 614 2720 decios
627 2662 686 2718 tres
700 2656 746 2718 ille
760 2658 882 2738 puellas,

207 2780 257 2842 Sic
271 2779 326 2840 sibi
340 2778 520 2860 progenitas,
535 2777 669 2840 dilectum
683 2775 761 2838 misit
773 2777 812 2839 ad
826 2777 943 2854 Albam3

207 2900 362 2961 Nobilibus
375 2898 526 2981 conjunxit
540 2917 589 2960 eas
602 2918 654 2960 rar
667 2899 739 2960 Alba
752 2897 871 2958 maritis.

206 3022 296 3084 Filius
309 3021 442 3096 Ebrauci
458 3021 578 3082 fratrum
592 3039 657 3082 cum
671 3025 754 3102 parte
768 3039 899 3097 suornm,

209 3144 370 3208 Germanos
384 3142 466 3204 addit
478 3142 648 3218 Assaracus,
664 3143 811 3222 multoque
827 3161 930 3206 cruore

207 3264 342 3344 Undique
355 3262 472 3338 diffuso,
488 3261 604 3324 undem
618 3261 671 3324 sibi
686 3261 824 3343 subjugat
837 3261 911 3324 illos.

208 3390 246 3450 At
259 3387 378 3461 Brutus,
394 3383 503 3446 Viridis
517 3383 598 3446 Scuti
613 3383 781 3464 cognomine
794 3382 901 3460 dictus,

208 3508 330 3570 sorauci
343 3505 552 3588 primogenitus
567 3503 696 3566 succedit
710 3504 813 3566 eidem.

209 3629 296 3692 Filius
310 3629 387 3690 illius
401 3629 518 3710 heylas,
535 3631 716 3708 contemptor
729 3626 828 3706 iniqui,

208 3750 321 3812 iustitia
336 3749 441 3825 cultor,
455 3748 536 3810 venie
550 3746 644 3822 dator,
661 3746 769 3808 arbiter
783 3766 886 3828 equus,

210 3873 239 3934 iu
254 3871 350 3933 dando
364 3871 475 3950 largus,
491 3873 626 3931 constans
641 3872 670 3929 et
683 3868 763 3949 pacis
777 3874 897 3946 amator,

210 3993 344 4056 Succedit
357 3993 459 4054 Bruto.
502 3991 607 4054 Pacem
620 3995 718 4053 servat
731 3991 898 4072 statuitque,

211 4115 383 4194 servarique
395 4113 464 4176 facit
477 4089 567 4193 leges,
583 4117 612 4174 et
625 4113 766 4174 construit
781 4113 880 4174 urbem
