3226 5168
363 499 419 562 100
640 517 743 562 oesra
764 518 877 564 urouu
900 519 1108 565 unirentur.

358 627 492 688 Destinat
504 629 640 702 armatos,
657 632 741 688 vento
755 625 885 708 rapiente
903 627 1013 689 carinas

358 745 404 808 Ad
416 745 499 826 regui
513 746 581 809 litus
596 746 624 808 in
639 765 695 828 quo
710 751 768 810 stat
781 746 859 809 diota
873 748 976 810 (lorea.

359 868 420 930 llex
434 867 613 945 Gillomiuns,
630 867 680 947 qui
693 885 783 948 regno
798 867 928 948 presidet
942 868 993 946 illi,

358 988 519 1052 Adventum
532 987 693 1064 Britonuru,
708 989 785 1050 lame
797 989 942 1050 referente
956 989 1059 1066 relatu,

359 1108 440 1181 Quid
453 1113 574 1190 querant
588 1109 691 1189 querit.
734 1109 749 1134 “
761 1109 884 1191 Lapides
898 1110 1000 1173 afferre
1013 1116 1176 1194 gygantum

360 1229 406 1291 lld
417 1247 516 1309 regem
531 1231 674 1306 nostrum,
689 1230 777 1292 velte
790 1230 905 1292 uolente
919 1229 1059 1307 venimus,
1075 1230 1089 1254 ''

359 1349 477 1414 Dicunt.
520 1351 580 1414 Rex
594 1350 752 1432 respondet
765 1351 806 1413 eis
825 1372 831 1411 :
848 1351 863 1376 ‘¹
875 1350 1053 1431 cognomine
1071 1352 1153 1415 Bruti

358 1471 394 1533 Et
406 1491 439 1534 re
453 1476 521 1534 suut
534 1471 677 1547 Britones,
694 1489 766 1552 quos
780 1471 897 1553 propria
912 1471 971 1532 vita
984 1473 1128 1548 molestat,

360 1591 435 1654 Dum
449 1595 564 1654 nostros
578 1590 689 1673 lapides
704 1591 785 1653 uobis
800 1592 914 1654 auferre
929 1592 1071 1668 laborent,

359 1715 399 1774 llo
412 1712 438 1774 si
451 1731 509 1774 non
522 1712 628 1774 habeat
641 1712 759 1776 meliora
771 1713 921 1776 Britannia
933 1733 1012 1778 saxa.

360 1833 435 1894 lluut
447 1831 564 1914 impune
579 1833 681 1896 forent.
696 1831 711 1856 '’
752 1833 836 1895 'l'uuo
850 1839 1007 1914 congregat
1020 1834 1225 1916 armipotentes

360 1951 468 2016 'locius
481 1952 575 2032 regui,
592 1952 781 2033 Britouesque
794 1953 914 2030 invadit,
930 1957 959 2015 et
971 1953 1049 2016 illum

359 2071 501 2135 luvaduut
514 2072 663 2149 Britoues;
680 2077 814 2136 oonserto
828 2079 919 2136 marte
932 2074 1050 2154 lugetur

361 2193 422 2256 Rex
435 2211 500 2255 eum
514 2197 600 2274 geute
614 2213 677 2270 sua,
693 2193 790 2256 multis
802 2199 898 2258 tamen
912 2200 978 2258 aute
992 2197 1159 2278 peremptis.

363 2312 432 2374 lnde
445 2319 620 2396 gyganteam
634 2334 722 2378 oursu
736 2316 833 2378 veloce
846 2315 969 2380 Coream

364 2433 463 2496 Turba
475 2435 547 2516 petit
560 2435 721 2513 Britonum,
738 2456 810 2517 quos
824 2437 866 2500 sie
878 2438 1046 2518 temptando
1061 2441 1203 2521 propheta

362 2553 534 2635 Alloquitur,
551 2553 649 2618 dicens
667 2577 673 2616 :
690 2555 705 2582 ⁸³
716 2557 851 2634 luveues,
868 2557 1043 2638 prosternite
1057 2559 1146 2620 moles

361 2675 496 2738 Astautes
509 2675 650 2756 lapidum,
664 2675 784 2756 regique
798 2695 851 2757 per
865 2695 973 2756 equore
986 2677 1069 2739 ferte.
1083 2677 1097 2701 ”

362 2794 497 2858 Restibus
512 2800 541 2858 et
554 2797 675 2860 sudibus
689 2802 719 2860 et
731 2797 840 2860 nisibus
855 2799 987 2862 omnibus
1001 2817 1089 2862 unum

365 2915 506 2978 lulestant
517 2915 657 2999 lapidem;
673 2917 726 2980 sed
739 2923 819 2981 stans
833 2918 970 2995 inmotus,
986 2939 1085 2982 eorum

363 3035 448 3098 Vires
462 3037 501 3100 uil
514 3038 654 3120 prodesse
667 3040 782 3121 probat.
826 3039 940 3102 Sudore
954 3041 1039 3102 soluti

364 3157 470 3220 lnfecto
485 3163 611 3234 cessent,
627 3159 832 3240 annullatoque
846 3160 955 3222 labore.

363 3279 446 3340 Tunc
458 3278 556 3342 ridens
569 3279 705 3342 lderlinus
720 3280 760 3343 ait
777 3302 783 3341 :
800 3281 815 3306 ³³
826 3281 987 3359 Discedite,
1004 3299 1118 3361 segnes.
1133 3282 1148 3306 ’'

364 3406 536 3485 Discedunt,
551 3408 622 3471 dicit
636 3414 716 3471 vetes
730 3409 793 3472 sine
807 3428 953 3472 murmure
966 3428 1092 3472 carmen.

365 3527 431 3599 Quo
447 3527 535 3604 dicto,
551 3529 636 3592 sociis
649 3529 743 3610 iuquit
760 3551 766 3590 :
783 3529 798 3556 “
809 3529 953 3613 Depouite
967 3549 1046 3593 saxa.
1060 3531 1076 3555 '’

364 3647 521 3729 Deponunt
534 3648 597 3712 sine
611 3649 650 3726 vi,
666 3649 832 3730 ducuntque
845 3650 882 3713 ed
896 3650 994 3714 littora
1007 3651 1109 3727 dueta;

365 3759 492 3823 Navibus
505 3761 668 3843 imponunt,
684 3762 756 3826 daut
769 3767 855 3826 vento
869 3763 968 3846 lintea,
983 3766 1045 3846 regi

363 3879 535 3943 Presentaut
547 3881 670 3964 lapides,
687 3883 796 3963 gaudet
808 3884 1006 3966 presentibus;
1023 3905 1121 3949 omues

363 3999 455 4080 Regni
469 3999 632 4084 pontifices,
647 4002 777 4079 abbates,
793 4004 974 4068 archilevitae

364 4117 512 4183 Convocat
526 4125 555 4184 et
568 4139 716 4203 proceres,
731 4124 978 4206 Pentecostenque
992 4125 1093 4192 diebus
