3206 5134
566 513 671 557 urana
692 513 856 557 renerus.

197 624 362 697 Londoniis,
379 641 483 702 magno
496 621 600 684 tumuli
615 621 770 684 decoratur
783 621 905 684 honore.

236 745 372 823 Ardigato
386 743 476 804 frater
490 741 622 804 succedit
635 741 832 816 Gorboniauo,

195 865 288 928 Fratri
302 864 449 926 dissimilis
464 862 565 944 gestis,
580 867 612 924 ut
626 862 674 942 qni
689 879 847 941 generosos

196 987 352 1070 Opprimit,
369 987 476 1048 exaltat
489 985 621 1061 infames,
638 983 833 1064 divitibusque

195 1107 320 1170 Diuicias
334 1108 430 1169 aufert
444 1111 473 1168 et
487 1126 568 1188 opes,
583 1105 721 1168 derebus
735 1125 833 1168 eorum

195 1229 398 1290 accumulans.
441 1226 591 1288 Britonum
605 1225 659 1288 sibi
674 1226 768 1306 querit
781 1226 810 1288 in
825 1227 957 1292 omuibus
973 1231 1059 1304 iram3
1167 1251 1226 1298 naa

195 1349 352 1428 Insurgunt
366 1347 394 1408 in
410 1367 486 1422 eum,
502 1346 631 1426 solioque
646 1345 764 1408 viriliter
776 1346 855 1409 illum

194 1469 324 1544 t‘rivnnt,
340 1473 369 1529 et
382 1485 479 1547 regern
495 1467 606 1550 privato
620 1467 716 1530 rivere
731 1472 849 1547 coguut.

235 1589 312 1650 itlius
326 1589 417 1650 frater
429 1587 565 1650 Elidurus
579 1587 657 1668 regis
671 1589 781 1650 honore

195 1711 266 1770 Post
279 1709 358 1772 illum
373 1708 498 1790 potitum
514 1708 583 1770 Pius
598 1709 761 1790 appellatur
775 1709 811 1770 ob
826 1708 919 1790 ipsum

195 1829 285 1902 Quod
299 1829 366 1892 tecit
379 1849 443 1891 cnm
457 1830 546 1892 tratre
560 1849 612 1892 suo
627 1827 739 1909 signum
754 1828 880 1910 pietatis.

193 1953 325 2031 Namque
339 1951 385 2012 sui
399 1949 481 2032 regni
495 1951 587 2013 lustro
602 1949 756 2031 incipiente
770 1950 911 2027 seeundo,

193 2074 272 2134 Dum
287 2072 417 2152 sequitur
431 2091 543 2149 cernor,
560 2072 649 2134 frater
662 2091 733 2134 suus
748 2071 844 2134 obviat
860 2071 901 2132 itti

194 2196 226 2255 ln
242 2213 358 2256 nemore
373 2193 518 2254 Archatto.
562 2193 628 2266 Quo
643 2191 716 2273 riso,
732 2193 821 2254 trater
834 2192 862 2254 in
877 2193 941 2274 ejus

193 2315 233 2376 Se
248 2315 323 2393 gerit
336 2315 495 2396 amplexus,
510 2313 689 2395 repetitaque
703 2313 783 2376 basia
797 2314 893 2376 fratris

193 2434 335 2516 imprimit
350 2434 461 2509 taciem,
477 2435 699 2513 consolaturque
713 2438 885 2514 gementem,

193 2557 230 2616 Et
245 2575 344 2616 seeum
358 2553 476 2616 deducit
490 2573 555 2616 cum
569 2555 733 2635 tatamoque
747 2555 870 2636 reponit.

194 2676 339 2738 Omnibus
353 2675 461 2755 ignaris
476 2675 543 2736 facti
556 2695 607 2737 rex
622 2695 692 2756 ergo
707 2676 817 2738 vocatis

193 2797 287 2877 {tegni
302 2797 492 2878 principibus,
509 2816 668 2878 pacemque
682 2797 825 2878 fidemque
839 2800 976 2860 reformat

194 2918 273 2978 inter
287 2937 349 2992 eos,
365 2918 539 2995 fratremque
552 2936 636 2980 sunm
651 2918 790 2998 fratrique
806 2923 920 2978 coactos

193 3037 303 3099 Subdit
316 3057 378 3112 eos,
395 3037 541 3117 demitque
556 3057 608 3100 suo
623 3039 768 3120 dyadema
781 3039 883 3118 suique

195 3157 319 3238 imponit
332 3157 429 3218 fratris
443 3157 531 3238 capiti
549 3179 555 3218 :
573 3159 641 3222 Pius
656 3159 725 3222 inda
740 3165 869 3222 vocatur.

235 3280 297 3340 Rex
311 3297 402 3339 novus
416 3278 482 3340 hinc
496 3283 599 3358 regnat
613 3279 710 3342 lustris
724 3279 752 3342 in
767 3300 839 3362 paee
853 3281 978 3356 duobus,

194 3399 338 3459 Exercens
350 3397 407 3459 vite
422 3400 565 3461 contraria
579 3401 653 3462 sactu
667 3400 772 3482 priori;

194 3517 327 3597 Denique
341 3517 471 3595 decedit;
487 3521 653 3601 populoque
668 3521 781 3582 favente
797 3521 946 3598 Britanno,

194 3638 315 3699 Nomine
329 3657 418 3718 reque
432 3638 498 3719 pius
512 3639 648 3702 Etidurus
662 3641 742 3702 traua
757 3641 887 3704 secundo

194 3759 353 3820 Assumens
367 3761 459 3839 regni,
476 3761 549 3821 beno
563 3764 683 3840 regnat3
700 3759 753 3822 sed
767 3761 927 3822 Palodurus

194 3879 398 3958 ugoniusque,
416 3879 474 3940 duo
489 3879 565 3960 regis
580 3881 685 3942 fratres
700 3879 821 3956 Eliduri,

195 3999 352 4078 Insurgunt
363 3999 392 4061 in
406 4019 482 4076 eum,
498 4004 527 4062 ct
540 4001 657 4062 fratrem
672 4000 819 4082 deponere
832 4005 986 4082 temptant,

195 4119 231 4180 Et
243 4119 360 4182 taudem
376 4121 502 4202 capiunt,
519 4125 548 4182 et
561 4120 676 4203 privant
689 4121 766 4202 regis
779 4121 899 4186 honore.
