3206 5134
608 517 896 568 praeuenturus.

235 631 306 693 Cum
320 629 410 691 Latiis
424 628 559 688 Britones
575 626 692 702 sedans,
708 644 772 687 cum
787 630 869 707 petre
884 627 1028 690 maritum.

234 751 304 812 llioc
318 753 453 830 repetunt
467 747 580 809 Latium
595 745 678 821 Latii,
695 765 873 827 regnumque
888 751 1030 828 gubernat

235 870 391 950 Aruiragus
405 868 468 930 sine
481 868 530 930 lite
544 887 643 942 suum;
661 867 724 928 sine
738 867 840 929 lraude
853 873 983 930 senatum

233 994 353 1054 Tractat
366 994 536 1055 Romanurn.
581 989 660 1052 Cana
675 990 806 1050 veniente
822 996 949 1066 senecta,

231 1115 311 1178 liena
325 1113 404 1195 regis
418 1113 496 1194 riget
511 1111 639 1187 interior,
655 1129 741 1189 quam
756 1111 849 1173 serior
862 1116 924 1174 etos
1046 1124 1054 1135 '

232 1237 296 1298 Non
310 1235 432 1317 premit;
449 1237 571 1315 apparet
584 1231 612 1293 in
626 1251 698 1294 eane
714 1231 756 1292 vis
768 1232 922 1313 juvenalis.

231 1359 300 1420 Post
315 1357 424 1420 obitum
439 1355 524 1438 cujus
538 1353 646 1418 Marius
661 1353 793 1416 diadema
806 1355 919 1435 paterni

232 1481 324 1560 Regni
340 1478 513 1560 suscipiens,
529 1480 673 1542 Romanos
687 1476 764 1558 cepit
778 1496 886 1554 amare,

232 1603 290 1666 lllis
304 1607 434 1663 exectum
449 1602 565 1662 solvens
579 1599 642 1662 sine
655 1599 705 1660 lite
720 1599 872 1661 tributum.

271 1723 358 1785 Filius
373 1723 438 1804 ejus
452 1722 479 1783 ei
495 1722 594 1785 Coilus
609 1720 748 1796 succedit,
765 1725 794 1782 et
807 1726 889 1782 actus

233 1844 308 1906 lllius
323 1844 464 1906 innocuos
477 1843 602 1918 imitans,
619 1841 681 1904 sino
695 1842 812 1904 crimine
826 1849 940 1922 regnet.

233 1967 300 2028 lnde
313 1966 390 2048 patri
406 1966 486 2028 Coilo
500 1964 631 2028 succedit
644 1964 761 2041 Lucius,
777 1968 840 2026 orto

231 2088 362 2149 Lucifero
376 2086 569 2169 prelucidior;
587 2105 652 2148 nam
667 2087 743 2148 lucet
758 2086 786 2148 iu
802 2087 867 2170 ojus

231 2207 374 2288 Tempore
388 2205 554 2282 nereides,
571 2225 701 2268 errorum
717 2207 792 2268 nube
806 2207 917 2287 iugata.

232 2328 318 2400 Quod
333 2327 416 2388 simul
429 2326 562 2388 audierat
577 2325 682 2388 Christi
697 2326 831 2406 vulgasse
845 2326 962 2390 clientes

230 2448 357 2509 Verbum
371 2447 559 2522 incarnatum,
576 2466 673 2526 regem
689 2447 725 2508 de
740 2446 848 2526 uirgine
862 2451 972 2524 natum,

230 2569 260 2629 ln
274 2588 359 2630 eruce
373 2568 550 2643 defunctum,
567 2569 624 2629 vite
637 2572 705 2649 post
721 2568 822 2629 lunera
835 2569 975 2646 sunctum,

229 2689 334 2752 Scribit
346 2689 509 2752 Eleutherio
524 2689 679 2752 dictamina
693 2690 760 2752 talia
775 2709 851 2771 pape
867 2711 873 2751 :

226 2813 242 2838 '‘
254 2814 360 2874 Sancte
374 2817 457 2893 pater
472 2817 598 2894 patrum,
613 2831 659 2874 me
674 2813 791 2874 turbant
805 2812 973 2874 traditiones

229 2932 294 3004 Que
308 2934 406 3015 plures
421 2935 514 2995 iecere
529 2934 599 2996 deos
613 2935 770 3014 pluresque
784 2940 917 3016 penaten,

229 3055 343 3134 Quique
356 3056 479 3117 creatori
494 3075 542 3117 res
557 3075 736 3138 preposucre
751 3061 873 3118 creatas.

227 3175 322 3236 Ydola
336 3176 421 3255 plena
434 3175 501 3236 dolo
515 3195 582 3236 reor
597 3195 672 3238 esse.
716 3177 845 3239 Potentia
861 3177 913 3240 celi

227 3295 290 3357 Non
305 3301 349 3356 est
363 3295 392 3357 in
407 3296 509 3376 lignis3
525 3298 637 3358 Damon
653 3299 811 3380 respondet
825 3299 853 3360 in
869 3299 924 3361 illis

227 3417 305 3478 Vana
321 3417 382 3478 suis
397 3416 543 3478 membris.
586 3419 668 3479 Deus
683 3423 728 3480 est
741 3423 771 3482 et
785 3419 876 3482 trinus
891 3424 920 3481 et
933 3440 1019 3496 nnnc,

227 3539 250 3598 Α
266 3557 333 3616 quo,
350 3557 512 3620 perquem,
528 3539 556 3602 in
571 3559 628 3620 quo
644 3545 712 3602 sunt
726 3541 832 3603 omnia.
878 3542 987 3619 Gloria,
1003 3544 1108 3618 virtus,

227 3660 302 3720 Laus
316 3665 345 3722 et
358 3661 452 3723 honor
465 3661 503 3722 sit
516 3661 542 3722 ei
557 3663 610 3724 soli
626 3681 679 3744 per
694 3665 789 3726 secula
805 3669 922 3726 cuncta!

227 3781 312 3842 Uniat
325 3802 395 3862 crgo
410 3784 472 3846 Deo
488 3784 596 3848 Christi
611 3805 664 3847 nos
679 3785 756 3862 uuio,
772 3791 910 3867 tanquam

223 3903 351 3965 Membra
364 3925 417 3966 suo
432 3906 529 3987 capiti.
573 3909 653 3970 Sacri
669 3907 849 3989 baptismatis
865 3909 942 3972 undo

224 4023 343 4086 Postulo
358 4027 502 4104 mundari,
518 4031 746 4110 conformarique
761 4036 888 4094 creatum

223 4144 337 4209 Plasma
352 4148 492 4212 Creatori.
531 4151 606 4217 Male
620 4173 688 4235 pars
702 4154 888 4218 committitur
902 4157 994 4220 omnis
