3206 5134
579 507 682 552 1111111
702 506 888 553 SECUNDUS·

217 621 279 682 Nos
292 617 362 682 satis
376 615 512 680 offendet.
527 615 543 642 ”
580 617 747 697 Maglaurus
763 616 898 700 conjugis
913 637 983 682 usus

218 739 359 816 Consilio,
374 739 436 818 regi
450 739 530 819 quod
544 737 667 800 consulit
680 736 729 800 illa
742 739 861 800 revelat.

217 861 278 924 Rex
292 859 380 940 igitur
393 858 494 932 tristis,
511 877 649 940 generum
663 861 816 938 natamque
829 859 1006 942 relinquens,

217 980 324 1043 Tendit
337 981 374 1043 ad
390 979 543 1056 Heuinnm,
559 980 606 1042 oui
620 979 699 1059 regis
714 979 771 1041 filia
781 979 884 1062 juncta

216 1102 269 1164 Eat
281 1102 393 1181 Ragau.
435 1103 544 1180 Regem
557 1101 646 1164 letata
662 1101 750 1162 corde
763 1107 912 1184 receptum

217 1223 338 1284 Tractat
350 1219 518 1283 honorifice.
561 1220 692 1284 Tandem
707 1221 851 1284 eontentio
865 1227 942 1286 mota

217 1341 269 1402 Est
281 1341 356 1404 iuter
370 1341 478 1403 domiui
492 1341 614 1404 famulos
628 1340 794 1421 utriusque;
811 1341 864 1404 sed
879 1363 951 1406 uxor

217 1461 369 1542 Indignata
383 1462 465 1525 ducis
475 1462 563 1544 jubet
576 1466 608 1524 ut
620 1483 671 1524 rex
685 1461 802 1525 deserat
816 1483 915 1528 omnes

216 1581 318 1643 Preter
331 1581 456 1662 quinque
470 1602 539 1644 suos
553 1581 660 1644 socios.
703 1582 763 1645 Rex
777 1583 880 1646 anxius
894 1584 970 1646 illam

216 1703 343 1778 Deserit,
359 1707 389 1763 et
402 1702 507 1784 repetit
520 1701 654 1783 primam,
672 1701 806 1782 quoniam
822 1703 964 1766 feritatem

217 1821 394 1904 Deposuisse
408 1841 490 1884 suam
505 1827 590 1903 putat
601 1822 686 1885 hano.
730 1823 840 1886 Tamen
853 1822 912 1900 itta,
929 1825 1017 1888 feroci

217 1943 355 2006 lusistens
368 1941 473 2018 animo,
490 1942 608 2004 mandat
622 1942 664 2005 sie
678 1941 764 2024 impia
777 1943 855 2025 patri

216 2063 306 2135 ¹(tund
318 2063 343 2124 si
357 2083 415 2125 non
430 2083 488 2124 uuo
503 2067 655 2126 contentus
669 2062 756 2125 milite
770 2067 881 2128 tautum

216 2183 287 2246 Esse
299 2184 379 2261 velit,
394 2187 496 2264 querat
510 2183 595 2246 ulium
607 2183 656 2266 qui
670 2183 784 2264 colliget
798 2183 872 2248 illos.

217 2304 266 2367 Ille
279 2325 359 2382 suos,
376 2305 477 2367 crebro
492 2304 620 2384 singultu
633 2306 722 2368 verba
735 2310 862 2381 secante,

216 2425 324 2488 invitus
338 2425 433 2488 socios
447 2429 567 2507 excepto
581 2425 689 2489 deserit
702 2447 771 2488 uuo.

217 2546 242 2609 0
258 2549 321 2608 rota
334 2546 470 2622 Fortuna,
487 2565 543 2626 que
558 2550 615 2608 tam
630 2546 687 2608 cito
701 2546 835 2624 volveris,
851 2548 924 2610 altos

214 2665 326 2747 Dejieis
341 2666 377 2727 ab
391 2665 461 2742 alto,
477 2665 606 2746 dejectos
620 2667 697 2728 tollis
710 2666 738 2728 in
753 2667 855 2728 altum!

214 2786 362 2866 Nusquam
378 2790 438 2849 stas
452 2787 578 2864 stabilis;
595 2807 735 2868 nusquam
750 2788 824 2870 pede
838 2787 918 2850 firma
933 2789 1036 2850 tenaci.

213 2904 287 2967 Eece
301 2905 377 2982 Leir,
393 2925 477 2985 quem
492 2906 576 2968 turba
591 2906 695 2970 ducum
711 2907 908 2970 circumdabat
922 2907 999 2982 olim,

213 3026 269 3086 vix
283 3026 370 3087 habet
382 3026 467 3088 unius
481 3027 584 3089 solatia
598 3027 706 3090 militis.
750 3029 799 3091 llla

215 3145 309 3216 Quam
323 3145 392 3208 iacit
405 3145 540 3208 heredem
555 3147 654 3229 stirpe,
671 3147 757 3209 dueta
771 3148 987 3230 Thesiphoueo,

213 3263 413 3327 Exheredebat
426 3285 502 3327 eum.
545 3267 605 3328 Rex
620 3285 690 3346 ergo
705 3287 736 3329 se
751 3267 813 3328 siue
828 3286 918 3346 reguo

213 3385 283 3447 Esse
296 3384 408 3460 videns,
425 3385 518 3446 nescit
531 3385 600 3466 quid
614 3386 653 3448 sit
666 3387 736 3462 sibi;
754 3387 824 3467 quid
838 3387 875 3448 sit
889 3387 1032 3468 agendum

213 3505 329 3585 Ignorat
342 3506 467 3588 penitus.
510 3507 619 3570 Tamen
633 3509 730 3571 hocin
745 3508 832 3572 corde
846 3509 966 3572 revolvit
982 3531 988 3570 :

213 3625 228 3650 ‘¹
240 3625 305 3697 Que
320 3645 352 3687 se
366 3625 480 3689 dicebat
492 3645 538 3688 me
552 3628 665 3690 eunetis
679 3629 903 3712 preposituram,

212 3745 257 3807 Me
271 3765 335 3807 mea
348 3746 502 3827 progenies
518 3748 628 3809 eunetis
643 3749 801 3829 postponit.
846 3751 972 3831 Oportet

212 3867 271 3928 Aut
284 3885 341 3942 me,
357 3866 426 3929 darn
439 3867 543 3944 vivam,
558 3867 751 3930 miserandam
765 3869 871 3932 ducere
885 3870 982 3946 vitam,

213 3987 270 4050 tut
283 4006 367 4068 quam
381 3988 501 4070 despexi
516 3989 644 4053 Cordille
656 3988 741 4052 limen
756 3990 837 4054 adire
853 4014 859 4052 :

213 4105 298 4168 Forte
311 4107 357 4169 aui
370 4107 468 4170 miseri
482 4109 663 4174 miserabitur
676 4109 724 4172 itta
738 4111 876 4196 parentis,
890 4111 905 4136 ’'
