3272 5188
694 525 837 572 neurus·

358 641 454 707 naeus,
471 639 580 711 Apollo,
595 641 686 706 ceres,
699 640 808 710 pocula.
822 651 946 703 carmen,
962 636 1039 692 ador.
1068 673 1070 679 ι

322 738 379 794 Heo
392 746 435 792 est
447 737 492 791 illa
505 737 576 807 polis
589 750 672 806 quarn
686 736 700 790 J
703 750 768 801 uno,
782 735 911 798 llinerna,
925 735 1021 799 Diona,

357 833 502 898 Merciburr,
517 839 587 899 arte,
602 833 680 897 ieris,
694 833 774 892 ditat,
788 832 916 895 adornat,
932 831 991 886 alit.

323 929 382 986 Hoc
393 943 466 984 noue
477 931 556 1000 Troju
567 930 646 999 prius
660 929 863 993 llioovonlum,
877 927 977 981 deinde
990 921 1118 989 Koerdoi,

357 1026 455 1080 Postea
468 1023 614 1092 londonie,
629 1025 678 1080 sed
691 1024 774 1080 modo
786 1037 888 1078 nomen
902 1023 996 1077 babet.

325 1121 394 1186 Lud,
409 1135 474 1176 cum
487 1135 542 1188 quo
554 1121 636 1176 Cesar
648 1121 789 1175 commisit
801 1119 897 1187 prelis,
911 1118 996 1172 irater

359 1218 546 1283 cassibellani,
560 1218 683 1272 nominis
695 1221 794 1271 arrotor
806 1220 876 1270 erat.

324 1312 395 1367 Urbe
407 1312 546 1377 decorata,
561 1312 715 1382 multiplice
729 1317 806 1366 turre
817 1311 930 1375 reisrta,

359 1407 468 1462 Civibus
481 1409 603 1462 instituit
615 1407 671 1461 dux
684 1419 735 1460 sua
745 1407 807 1475 jura
819 1405 888 1459 suis.

324 1597 382 1652 ilex
398 1601 464 1652 tunc
475 1597 535 1652 Heli
546 1597 633 1652 Jndee
645 1611 729 1664 regne
742 1595 882 1660 sacerdos,

359 1694 392 1748 Et
405 1692 542 1748 Pbilisteis
554 1698 677 1747 cesserat
688 1691 772 1747 archa
784 1693 842 1746 Del.

324 1787 459 1842 Hectores
472 1787 552 1856 Troia
565 1789 705 1843 successio
717 1788 889 1856 posteritatis

360 1884 448 1948 Rexit,
461 1889 490 1938 et
502 1883 636 1938 Hectoree
649 1883 779 1950 Pergama
793 1883 879 1950 prolis
891 1887 981 1938 erant.

324 1979 434 2044 Siluius,
448 1979 521 2035 lineo
533 1979 625 2048 proles
637 1979 833 2034 statunculus
845 1979 918 2034 idern

356 2073 445 2138 Bruti,
459 2073 604 2140 regnabat,
616 2075 679 2143 jura
692 2073 786 2128 Latina
798 2087 909 2141 repens.

324 2169 448 2235 innogeu
462 2183 578 2224 uxorem
593 2170 694 2224 Brutus
707 2171 849 2238 cognorim
864 2175 894 2224 at
905 2170 952 2223 illa

356 2263 424 2318 Tres
436 2265 544 2332 peperit
555 2271 637 2318 natos
649 2265 793 2320 nobilitate
806 2279 888 2334 peres
902 2281 909 2316 ι

326 2357 377 2412 Par
389 2359 514 2427 probitas
525 2359 575 2422 illi,
589 2374 640 2428 par
651 2361 751 2424 uirtus,
766 2375 870 2428 parque
883 2359 991 2414 decoris

361 2454 466 2517 Gracia,
479 2467 530 2522 par
543 2454 616 2508 lame
628 2455 723 2522 glorie,
739 2469 843 2523 parque
857 2455 952 2508 decus.

325 2547 458 2602 Lucrinus
471 2549 562 2617 primo
574 2555 668 2614 natus,
682 2549 851 2617 Camberque
863 2547 997 2612 secundo,

360 2643 529 2698 Albauaotus
542 2651 602 2697 erat
616 2645 728 2709 tercius,
742 2644 842 2711 bisque
854 2643 956 2697 minor.

326 2737 443 2804 Ungitur
456 2738 485 2792 in
498 2739 606 2792 senium
620 2739 740 2804 genitor,
755 2739 886 2805 senioque
899 2743 1029 2804 maratus

362 2834 461 2889 Dividit
473 2834 517 2888 bis
530 2849 663 2903 regnum;
678 2849 742 2904 pars
755 2849 805 2889 sua
819 2836 919 2903 cuique
932 2836 1024 2889 datur.

326 2931 412 2986 lunis
424 2938 535 3000 sceptra
550 2938 647 2987 tenens
659 2931 766 2987 bidonis
778 2937 861 3000 atque
874 2932 994 2996 duobus,

360 3029 463 3096 Arripit
475 3027 597 3084 humone
609 3027 775 3082 conditionis
788 3029 849 3082 iter.

327 3125 423 3180 Debita
435 3130 536 3179 nature
549 3125 641 3179 scivit.
680 3125 841 3194 Splraminis
854 3139 901 3179 aer

363 3221 408 3275 llis
420 3222 513 3276 anime
524 3221 621 3286 iiiolis;
635 3221 668 3276 iit
680 3235 790 3290 quoquc
804 3226 878 3275 terra
892 3233 988 3290 capax.

327 3409 403 3464 Unde
417 3409 542 3479 superbit
554 3410 665 3464 racione
677 3411 793 3464 cerensi
829 3409 955 3464 Alienum

362 3504 494 3572 Quicquid
507 3504 591 3558 habet
602 3505 707 3572 poterit
717 3503 829 3569 ducere,
844 3505 936 3572 nilque
950 3518 1042 3559 suum.

326 3601 400 3656 llors
411 3601 519 3655 bomini
531 3601 674 3666 stimulus,
688 3614 765 3654 mors
778 3601 857 3668 culpe
870 3615 941 3668 peno
954 3601 1086 3668 parentis,

360 3696 465 3750 iustior
477 3695 579 3750 invidia
592 3709 670 3750 mors
683 3711 793 3763 quoque
806 3701 897 3750 morte
909 3695 1005 3751 nichil.

327 3791 383 3846 ilex
399 3791 501 3844 dultin
514 3791 632 3855 cineres,
648 3789 749 3844 domus
761 3804 842 3854 urna,
858 3791 935 3844 locus
946 3791 1159 3856 Trium-autum

364 3885 510 3954 Splendida
521 3900 641 3955 prensus
653 3885 739 3940 herus
752 3887 893 3940 vermibus
905 3901 969 3940 esea
982 3886 1073 3940 datur.

229 4107 236 4118 ·
328 4073 443 4129 Lucrino
456 4073 519 4142 quia
531 4073 630 4145 majori
642 4087 688 4129 res
700 4075 821 4130 maxima
834 4075 912 4142 regni

363 4169 497 4236 cesserat,
513 4175 542 4226 et
553 4183 647 4226 mores
660 4171 790 4240 exprimit
801 4171 847 4225 ille
859 4170 956 4240 patris.
