3226 5168
629 519 731 565 breed
753 519 887 564 SEXTUS.

247 629 319 692 Com
334 628 522 710 legionensis
537 627 722 690 Tremorinos
737 627 891 710 episcopos
904 627 997 709 inquit
1012 649 1019 690 ε

245 749 260 776 '¹
270 749 421 812 lderlinum
434 754 539 826 vetem,
556 748 601 812 cui
615 747 658 811 les
672 757 715 812 est
728 749 802 811 scire
818 748 924 824 lutura,

246 868 387 946 consule
405 872 553 933 consultus
567 869 621 932 tibi
635 869 775 932 consulet.
818 869 906 931 Utere
920 868 1008 946 docti,

245 989 305 1052 Rex
318 990 404 1066 bone,
420 989 540 1052 consilio
553 989 637 1052 vetis.
650 988 665 1014 ’'
706 989 768 1052 Rex
781 1005 851 1069 ergo
864 989 1035 1070 prophetam

244 1108 408 1172 presentem
423 1127 543 1190 presens
559 1110 673 1186 effetus,
688 1109 730 1171 sic
743 1107 782 1170 eit
795 1108 837 1171 illi
854 1129 860 1168 :

244 1229 259 1254 ‘¹
271 1230 316 1292 'lo
330 1230 378 1292 cui
390 1249 478 1294 nosce
493 1230 578 1294 datm
592 1229 772 1306 abscondite,
788 1228 944 1294 vaticinare

244 1349 337 1414 Casus
351 1355 497 1414 venturos.
511 1350 527 1374 ’'
567 1350 620 1414 Cui
634 1355 715 1414 vetes
732 1371 738 1410 :
755 1349 771 1376 “
781 1349 909 1432 Spiritus
922 1351 969 1414 ille

245 1469 304 1542 Qoi
320 1475 400 1534 rates
415 1475 535 1534 venture
548 1471 643 1547 docet,
659 1491 716 1534 non
731 1471 850 1534 estsine
865 1489 953 1534 cause

244 1589 430 1666 illiciendos,
446 1591 496 1666 eit,
513 1611 566 1654 nec
578 1591 686 1654 frustra
698 1589 756 1652 lata
771 1591 889 1654 revelat.
904 1590 918 1614 '’

243 1745 283 1756 -
296 1711 311 1736 ‘³
322 1712 378 1774 Dic
393 1712 506 1789 saltem,
521 1713 651 1788 Merlinc,
667 1711 735 1774 mibi
749 1713 812 1792 quis
826 1717 927 1793 posset
939 1712 1049 1775 bonore

243 1834 386 1914 Perpetuo
399 1853 535 1916 proceres
550 1835 696 1908 extollere,
711 1851 835 1914 corpore
849 1853 971 1914 quorum

243 1951 300 2013 Pro
314 1953 408 2033 petria
421 1954 493 2018 bene
507 1974 574 2018 cese
584 1953 685 2036 jacent
698 1953 728 2015 in
742 1955 886 2016 montibus
900 1953 974 2016 istis.
990 1954 1004 1978 ”

243 2070 297 2134 Coi
311 2073 353 2134 sic
366 2073 523 2155 respondet
536 2074 673 2137 llerlious
690 2094 697 2134 :
714 2073 878 2136 “Hibernia
891 2079 987 2136 serrat

243 2193 389 2255 lomensos
403 2193 527 2274 lapides,
544 2211 618 2274 quos
631 2191 779 2256 adduxere
793 2193 925 2273 gigantes

242 2313 283 2374 Ex
297 2315 386 2376 illinis
401 2315 479 2391 olim,
495 2315 606 2396 positos
620 2335 655 2376 ex
669 2315 782 2392 ordine,
797 2331 919 2394 qaorum

242 2433 437 2500 Circumstons
451 2435 541 2498 series
555 2441 600 2498 est
613 2435 691 2498 dicta
705 2435 802 2500 Coreo
812 2441 996 2516 gygantum.

242 2555 308 2618 lllos
322 2556 378 2619 huc
393 2555 499 2633 adduc,
515 2562 545 2620 et
558 2576 609 2619 eos
622 2557 670 2619 hic
683 2560 761 2619 stare
770 2556 875 2638 jubeto

242 2675 323 2738 Sicut
336 2679 414 2738 slent
425 2676 493 2752 illio,
509 2677 591 2740 etsie
606 2697 662 2757 quc
677 2677 920 2756 queris'bebebis.
935 2678 950 2700 ’'

242 2794 304 2856 lliis
318 2815 368 2858 rex
382 2795 489 2858 auditis
503 2796 590 2872 ridet,
605 2796 731 2876 dicitque
745 2797 906 2878 prophete:

241 2913 256 2938 “
268 2915 341 2976 'lam
353 2932 474 2994 magnos
488 2915 599 2995 lepidos
613 2915 650 2978 de
663 2920 721 2980 tem
735 2918 853 2997 regione
866 2923 977 2980 remota

241 3035 303 3098 lloo
317 3035 494 3117 impossibile
508 3041 553 3099 est
566 3036 662 3099 efferri
677 3055 774 3118 posse,
791 3057 844 3100 nec
857 3037 912 3100 illis

241 3155 317 3218 Saxa
329 3156 386 3218 mei
399 3158 482 3237 regni
496 3157 586 3238 precli
599 3175 666 3220 reor
678 3177 743 3220 esse
758 3158 885 3220 minoris.
901 3159 915 3184 ”

242 3273 297 3337 Coi
309 3275 446 3338 blerlinus
460 3275 501 3338 ait
518 3297 524 3336 :
542 3275 556 3302 “
568 3277 632 3340 Non
646 3279 691 3338 est
705 3275 759 3353 ite;
776 3277 897 3339 maxima
911 3278 1002 3341 virtus

241 3395 292 3458 Est
304 3395 333 3457 in
347 3395 399 3458 eis.
442 3395 515 3460 Cum
529 3396 674 3476 terrigeno
687 3397 806 3478 langore
821 3401 957 3478 gravatos

240 3515 279 3576 Se
292 3516 354 3578 lore
367 3515 519 3592 sentirent,
534 3515 648 3598 limphis
661 3535 696 3578 ee
710 3535 779 3580 saxa
792 3518 965 3598 gravabant;

241 3636 375 3719 bimpbes
386 3637 551 3719 servabant,
566 3637 652 3700 eleis
666 3655 720 3700 sue
735 3639 861 3702 membre
874 3639 1017 3719 rigebant,

240 3757 373 3838 Senaque
385 3757 559 3822 reddebant.
600 3760 659 3822 Hoc
672 3777 741 3820 saxa
755 3777 807 3820 neo
820 3763 882 3822 arte
895 3779 949 3824 neo
962 3765 1027 3823 asto

241 3877 361 3958 Ingenii,
377 3898 431 3941 nec
444 3879 471 3942 ri
485 3879 558 3956 tolli,
573 3879 626 3941 sed
640 3877 764 3941 carmine
775 3884 908 3959 possunt.
922 3880 937 3904 '’

241 3997 375 4060 Prolinos
389 3997 524 4061 Aurelius
538 3997 621 4062 Ulbri
634 4003 679 4060 ter
692 3998 818 4079 quinque
832 3999 959 4062 virorum

240 4118 318 4180 llilia
333 4119 493 4195 committit,
509 4123 538 4180 et
551 4137 601 4180 eos
616 4123 765 4198 ratemque
778 4119 918 4182 disertum
