3206 5134
364 475 403 536 66
641 490 746 536 orsus
767 489 880 536 aanor
902 489 1110 536 nnrrrnnrn.

361 600 450 664 Filius
463 599 532 662 inde
546 598 628 662 ducis
642 599 795 677 Caradoci,
812 617 935 681 corpore
948 617 1081 680 maguus,

360 723 456 786 Mente
469 725 564 784 minen
578 721 681 805 major,
696 721 820 784 facundo
833 720 973 784 maximus
987 741 1048 798 ore,

359 843 525 922 Mauricius,
541 851 613 906 nutu
627 843 728 926 patris,
745 845 864 907 Romam
877 844 965 925 petii;
981 843 1076 925 ipsum

358 965 533 1027 Demulcens
548 964 655 1042 uerbis,
672 963 793 1028 adduxit
805 964 1007 1027 Maximianum

358 1083 405 1146 nd
417 1103 538 1165 regnum
552 1085 713 1148 Britonum.
757 1083 888 1165 Stipaius
901 1082 989 1146 mirice
1002 1085 1103 1162 multo,

358 1204 506 1269 Gallorum
521 1205 577 1268 sibi
590 1205 677 1269 sumit
690 1225 777 1287 opes3
794 1205 932 1286 divesque
944 1206 1085 1269 recedens

357 1329 492 1411 applicas
504 1327 542 1390 ad
555 1332 671 1411 portum
686 1327 832 1405 MamouiS,
849 1328 963 1390 mordet
975 1328 1115 1404 harenas;

358 1451 493 1513 Anchora
505 1449 572 1513 litus
587 1449 662 1526 adis,
677 1449 735 1511 iilic
748 1449 871 1511 tentoria
884 1450 978 1513 tendit

356 1571 392 1633 Ei
404 1569 499 1634 reficit
512 1570 617 1632 socios.
662 1569 772 1634 Conaui
785 1589 886 1632 mmor
899 1570 936 1632 ad
950 1591 1035 1633 aures

354 1693 465 1770 Evolat,
482 1693 637 1754 adventum
650 1693 777 1755 referens
791 1691 1027 1772 alienigenarum.

396 1815 561 1896 congregat
575 1833 645 1895 ergo
660 1813 749 1876 duces
762 1813 901 1894 regionis,
917 1833 987 1894 rege
998 1814 1132 1896 jubente,

355 1934 391 1998 Ei
404 1937 486 2016 regni
499 1954 646 2018 proceres.
689 1935 819 1998 Veniunt
832 1954 963 2018 pugnare
977 1936 1083 2018 parali,

353 2060 554 2138 Romanasque
567 2057 644 2120 acies
661 2056 778 2120 adeunt.
823 2057 905 2130 Quos
918 2058 1107 2123 Maximianus

353 2178 546 2260 Prospiciens,
562 2179 664 2241 metuit
677 2197 762 2258 quem
776 2197 984 2259 numerumque
998 2179 1140 2255 virorum;

353 2299 550 2380 Sericiamque
563 2299 679 2377 timens,
696 2298 810 2361 dubius
824 2298 880 2361 sibi
892 2299 963 2381 quid
977 2299 1013 2362 sit
1027 2300 1183 2379 agendum,

354 2421 428 2484 Cum
443 2421 485 2483 sio
497 2419 653 2483 Mauricius
670 2441 676 2480 :
693 2419 709 2445 ‘³
719 2417 784 2482 Non
798 2419 885 2482 armis
898 2420 945 2482 lric
959 2439 1033 2502 opus
1047 2441 1122 2498 esse,

353 2543 412 2606 Sed
426 2543 520 2606 vorbis
533 2542 634 2620 video;
651 2562 704 2605 uec
717 2541 755 2604 ad
768 2559 848 2604 arma
861 2542 988 2622 gerenda
1002 2541 1145 2618 venimus3

353 2665 519 2742 Blandiciis,
535 2684 592 2727 non
606 2669 712 2741 mente,
728 2662 812 2726 decer
824 2667 966 2746 temptare
981 2664 1146 2728 Britannos.

353 2784 495 2847 Dulcibus
509 2803 579 2864 ergo
593 2783 696 2846 ducem
711 2783 818 2861 verbis,
834 2783 858 2846 si
872 2783 1009 2866 precipis,
1024 2789 1120 2860 uisne,

352 2903 526 2984 Aggredior,
543 2909 684 2984 cauteque
699 2903 824 2966 animum
838 2903 947 2967 sedabo
963 2905 1097 2967 ferocem.
1113 2903 1128 2930 ''

352 3025 441 3102 Dixit,
458 3030 488 3086 oi
502 3025 623 3088 assumit
636 3043 732 3088 secum
747 3024 792 3087 bis
806 3045 856 3087 sex
871 3025 1009 3102 seniores,

351 3145 536 3226 Pacifereqae
550 3165 637 3208 manu
651 3165 762 3208 ramum
777 3145 924 3228 pretendit
938 3146 1023 3210 olive.

351 3265 519 3346 Agminibus
533 3267 614 3346 gravi
628 3286 767 3349 processu
780 3268 866 3328 turba
879 3267 978 3328 senilis

350 3388 457 3451 Obviat
471 3388 598 3452 armatis.
641 3389 820 3452 venerantes
834 3407 936 3468 agmen
950 3389 1059 3452 inerme

349 3509 468 3586 Armati,
486 3529 631 3590 oauseque
645 3509 701 3586 vie,
717 3509 868 3590 patrieque
880 3510 973 3571 relato

347 3628 480 3706 Nomine,
497 3629 648 3692 credentes
663 3627 736 3691 ficiis
751 3630 944 3706 sermonibus,
961 3628 1025 3691 iilos

348 3751 423 3811 Ante
437 3749 538 3811 ducem
554 3753 695 3826 statuunt,
710 3768 795 3830 quem
811 3747 879 3810 ficia
893 3768 963 3810 voce
977 3749 1113 3811 salutant.

349 3871 417 3931 Dux
430 3869 535 3931 affatur
548 3888 598 3930 eos
614 3890 621 3929 ι
638 3867 652 3894 “
666 3868 740 3940 Quis
754 3887 806 3930 uos
819 3869 876 3931 huc
890 3869 985 3930 arturit
998 3871 1098 3930 error?

348 3991 408 4052 Aut
421 4009 477 4070 que
491 4009 542 4052 vos
557 3989 638 4052 duait
651 3990 817 4052 demensio?
859 3990 983 4054 Creditis
998 3989 1077 4052 istud

349 4114 428 4192 Rege
440 4132 539 4174 carere
553 4113 664 4174 solnm?
679 4132 736 4174 non
751 4117 796 4174 esi
809 4111 871 4174 sine
884 4111 1001 4193 preside
1016 4131 1136 4192 presens
