3226 5168
354 478 409 540 tlt
628 495 733 540 ersus
754 497 868 544 necno
891 499 1100 546 nnrrnrtnrn.

350 605 489 688 l’erjuros
504 606 594 686 igilur
607 607 745 684 inuadite,
762 607 881 672 sternite
896 609 963 670 torti

348 726 456 788 Dextrn
470 727 634 791 menduces.
677 727 753 790 Fieri
766 727 896 810 perjurio
909 727 1017 794 debent

347 845 439 908 Noxle
451 847 588 930 perjuris.
631 847 713 912 lliles
726 848 774 910 eui
787 847 901 912 vincere
915 868 996 912 mens
1010 857 1066 926 est,

347 965 446 1028 drtnri
458 967 536 1048 regis
550 972 632 1032 nctus
646 968 772 1032 imitetur
786 969 816 1032 in
831 971 929 1033 ermis.

345 1085 376 1148 Si
391 1087 456 1166 quis
470 1087 630 1166 cedentem,
646 1107 700 1152 nec
711 1089 811 1152 Martis
825 1089 853 1152 in
867 1089 981 1170 agmine
994 1090 1129 1173 primum,

345 1205 461 1270 Viderit
473 1207 610 1270 llrturum
627 1205 721 1289 (quod
734 1209 812 1272 nudo
825 1213 956 1292 tempore
969 1209 1047 1291 fiet),

344 1327 369 1389 Α
382 1326 466 1390 simili
480 1327 584 1408 lugiet,
600 1333 629 1391 et
642 1327 718 1392 iners
732 1328 860 1392 imitetur
872 1329 1003 1394 inertem.
1017 1329 1032 1354 ’'

383 1448 512 1512 Antistes
527 1469 594 1512 vero
608 1449 766 1512 Dubricins
780 1454 857 1514 estut
869 1449 899 1512 in
914 1449 983 1528 ulto,

342 1567 537 1650 Expositoque
551 1569 639 1632 Secre
652 1569 803 1652 Scripture
817 1574 953 1646 teumnte,
969 1570 1071 1632 obmet
1088 1591 1095 1632 :

339 1688 466 1752 “Lectio
480 1711 564 1754 secra
579 1692 666 1756 docet
678 1691 824 1756 Christum
838 1690 971 1774 posuisse
985 1693 1039 1754 sub
1053 1693 1136 1754 boste

341 1814 398 1876 Pro
412 1813 496 1876 nobis
510 1814 633 1878 enimam
650 1836 656 1876 :
673 1834 727 1897 pro
742 1813 851 1878 Christi
864 1813 962 1896 ponite
977 1820 1087 1878 uestras

340 1936 488 2013 Membris,
502 1956 558 2017 que
571 1937 660 2000 leniet
673 1937 754 2000 furiis
768 1936 881 1998 inrecte
893 1937 1026 2018 tyrannis

341 2058 481 2121 Saxoniee
494 2059 603 2138 gentis3
618 2058 741 2142 petrium
755 2057 903 2121 defendite
916 2063 1040 2120 restrum

339 2178 538 2260 Ecclesiesque
551 2179 618 2257 Dei,
633 2199 706 2260 ques
720 2179 845 2243 destruit
857 2179 986 2242 hosticus
1000 2179 1088 2259 ignis.

339 2301 486 2364 Presentis
500 2301 558 2363 vite
572 2308 617 2366 est
630 2303 759 2384 specium
773 2303 874 2379 brere;
891 2301 949 2364 uite
961 2302 1057 2364 lutura

337 2423 430 2486 blorte
444 2429 537 2502 ceret;
549 2425 623 2508 justi
636 2444 713 2496 mors
727 2425 830 2506 glorie,
846 2443 922 2506 pene
934 2423 1090 2506 perhennis

335 2544 414 2608 blors
429 2545 605 2626 pecceturis3
620 2550 752 2608 serretur
766 2545 906 2608 mortibus
920 2544 979 2607 ille.

335 2665 433 2728 Pruna
446 2670 549 2745 gravat
562 2684 680 2747 corpus,
696 2665 819 2730 animem
833 2670 916 2728 necet
929 2665 1020 2726 altere
1032 2663 1135 2746 primu,

334 2784 449 2848 lnducit
462 2789 565 2850 nutrire
577 2804 686 2863 necem,
701 2786 842 2870 premisse
854 2785 1010 2848 secundem

334 2903 432 2983 Accio,
448 2925 543 2987 prune
555 2905 631 2988 perit
644 2925 709 2968 cum
723 2925 857 2988 corpere,
872 2905 958 2968 duret
971 2905 1000 2968 in
1014 2925 1098 2968 crum

333 3025 459 3107 Spiritus
473 3029 502 3087 et
515 3045 569 3088 sue
582 3045 676 3102 mors;
692 3045 750 3088 non
763 3045 850 3107 posse
863 3023 960 3106 perire
974 3025 1112 3106 periclum

333 3145 452 3206 Talibus
467 3150 523 3222 est,
540 3164 597 3207 non
611 3165 698 3228 posse
712 3145 785 3208 mori
799 3163 876 3208 mors
890 3145 999 3208 tristior
1014 3145 1090 3208 omni

332 3267 443 3329 Morte:
460 3285 570 3329 morem
583 3265 684 3329 mortis
697 3270 835 3330 accusent
848 3265 898 3346 qui
911 3265 1076 3348 paciuntur.

332 3386 406 3450 Cum
417 3385 510 3470 judex
520 3386 620 3469 justus
633 3386 780 3449 bominum
794 3385 963 3450 discusserit
976 3391 1050 3461 ectu,

332 3505 519 3570 Diffinitivem
532 3505 643 3588 precise
657 3507 796 3588 proteret,
813 3525 901 3586 eque

330 3629 485 3710 Appellare
498 3628 620 3710 nephas,
637 3627 769 3710 reprobis
786 3649 793 3689 :
810 3627 825 3652 “
837 3627 997 3706 Discedite,
1012 3627 1027 3652 ”
1040 3627 1150 3706 dicens,

330 3751 424 3829 Atque
437 3749 452 3776 ³*
463 3749 567 3814 Venite
577 3749 593 3774 '’
607 3749 718 3831 probis.
761 3749 844 3812 Tunc
857 3753 924 3831 post
938 3748 1066 3813 divorcin
1079 3750 1166 3832 primi

329 3869 476 3953 Conjugii,
492 3872 581 3934 nubet
593 3864 780 3934 iterum'curo
794 3871 859 3951 lege
872 3871 1014 3953 perhenni

328 3990 462 4074 Spiritui,
477 3991 572 4054 vitnve
586 3989 670 4053 simul
684 3991 729 4054 rel
741 3997 834 4054 morte
847 3991 989 4069 fruentur,

326 4112 435 4176 Felices
449 4111 518 4189 vitu,
534 4111 653 4194 presciti
666 4115 759 4176 morte
772 4112 941 4176 merendum
954 4117 1008 4176 cst.

1297 3893 1357 3942 eleo
