3226 5168
617 583 720 628 arsen
741 583 863 630 nonos.
1199 567 1254 632 ll't

225 693 352 774 lngluvie
366 693 490 775 pellente
503 711 604 775 rapax,
621 692 780 774 avidusque
795 693 917 769 cruoris,

225 815 262 876 Se
277 815 352 894 gerit
364 813 394 876 in
408 819 517 891 tauros,
533 814 609 897 rapit
622 815 675 877 hos
689 820 719 876 et
732 815 854 896 dissipat
867 815 941 890 illos,
1192 838 1253 886 rnna

224 935 273 998 Sic
288 936 316 998 in
330 937 478 998 Romanos
492 936 602 999 desevit
614 935 740 998 marcius
754 936 850 998 heros.

224 1057 296 1119 Ecce
311 1057 369 1119 dno
383 1076 480 1137 reges,
495 1059 554 1120 tato
567 1057 699 1140 rapiente
714 1057 840 1134 sinistro,

225 1177 321 1240 hrturi
334 1177 419 1241 simul
433 1198 501 1240 ense
515 1177 636 1254 cadunt;
656 1197 863 1259 quemcumque
878 1179 922 1242 vel
935 1177 1019 1242 hasta

224 1298 341 1361 Sauciet
354 1305 403 1362 aut
417 1299 524 1380 gladio,
542 1299 627 1362 vitam
642 1319 706 1363 cum
721 1300 862 1381 sanguiue
875 1299 1010 1364 tundunt.

223 1419 334 1481 Excitat
348 1423 471 1483 hrturus
485 1419 630 1496 Britones,
647 1419 793 1500 Cesarque
810 1421 937 1493 Quirites

224 1540 268 1602 hd
284 1541 356 1603 hene
371 1541 569 1623 pugnandum.
613 1543 747 1622 Pugnant
761 1541 934 1622 quandoque
949 1543 1089 1620 Qudrhm,

223 1661 371 1724 Excellunt
384 1662 530 1739 Britones,
545 1663 608 1724 illos
624 1663 799 1744 quandoque
814 1663 953 1726 Britanni.

223 1781 298 1844 Dum
313 1783 354 1844 sic
367 1783 524 1864 ambigitur
538 1783 583 1845 cui
598 1783 700 1846 laverit
715 1783 777 1845 alea
791 1783 902 1858 Martis,

223 1900 500 1966 Claudiocestmosis
514 1905 614 1966 consul
628 1903 778 1967 hlon'ndus
792 1905 820 1966 in
835 1905 933 1966 hostes

223 2021 295 2084 Cum
310 2023 422 2101 legione
436 2043 488 2086 sua
502 2024 570 2100 ruit,
587 2024 776 2106 irrumpitque
790 2024 924 2086 cohortes

223 2142 348 2220 Cesaris,
363 2164 381 2206 a
394 2145 481 2208 dorso
497 2146 624 2223 veniens,
640 2147 680 2209 nil
695 2147 750 2208 tale
764 2145 900 2208 timentis.

223 2263 328 2326 Lucius
342 2266 462 2348 imperio
477 2267 564 2344 cedit,
582 2287 738 2349 percussus
752 2265 781 2328 in
797 2266 854 2328 imo

221 2386 343 2448 Pectore
356 2388 467 2450 letifero
483 2387 605 2450 hlorindi
619 2388 749 2469 cuspidis
764 2388 833 2449 ictu.

222 2507 386 2589 Desperant
400 2507 477 2571 Laeli
491 2525 545 2572 nec
559 2515 684 2584 cessant,
702 2509 808 2574 Cesare
822 2529 900 2584 ceso,

222 2627 334 2690 Cedere
348 2629 472 2707 cedenti,
488 2630 579 2694 donec
593 2630 714 2692 victoria
728 2631 817 2692 cessit

221 2749 397 2830 Bmtigenis,
412 2749 569 2831 victrixque
583 2750 648 2812 tulit
662 2769 730 2833 pars
747 2750 843 2812 omnia
859 2751 942 2813 victe.

222 2869 292 2931 inde
306 2889 375 2933 suos
389 2889 525 2952 proceres
538 2871 568 2933 in
583 2871 684 2933 eodem
699 2876 791 2933 marte
805 2877 972 2953 peremptos

221 2989 344 3070 Separat
356 3010 374 3051 a
388 2991 480 3053 Laciis
494 2990 645 3053 Britonum
659 3011 722 3068 rex,
738 2995 767 3052 et
780 2991 895 3072 sepeliri

220 3109 337 3172 Mandat
350 3111 519 3189 honorilice,
536 3131 661 3173 necnon
676 3116 705 3173 et
720 3131 844 3194 corpora
858 3113 943 3174 condi

221 3231 252 3292 ln
265 3231 382 3294 tumulis
396 3233 526 3294 Romana
535 3233 622 3314 jubet
635 3233 694 3294 ictu
711 3233 875 3314 Laciornm,

222 3352 436 3434 Cesareumque
448 3353 516 3416 tacit
529 3354 638 3434 portari
653 3373 760 3437 corpus
775 3354 812 3416 ad
828 3357 926 3419 urbem

220 3476 399 3552 Romuleam,
415 3475 547 3557 patribus
560 3475 613 3538 sed
626 3475 768 3556 vectigale
781 3479 883 3559 petito.

221 3595 366 3658 ponderat
379 3595 408 3657 in
422 3596 510 3658 Lihra
523 3598 567 3659 sol
580 3601 712 3679 tempora
724 3598 854 3680 pondere
864 3599 947 3681 justo

220 3715 360 3796 aquarum
376 3735 439 3777 cum
454 3721 537 3778 nocte
551 3715 638 3794 diem,
655 3737 719 3779 eum
734 3717 826 3780 victor
840 3719 877 3780 ad
892 3721 978 3782 urhcs

220 3835 408 3914 Allobrogum
421 3835 526 3914 tendit,
542 3843 571 3899 et
584 3855 634 3898 eas
648 3837 702 3899 sibi
717 3837 856 3919 subjugat
868 3839 937 3900 illic.

221 3955 358 4037 Expectat
372 3958 440 4020 dnm
455 3958 539 4020 cedat
551 3960 686 4040 hyemps,
704 3964 733 4020 et
747 3957 872 4041 dampna
886 3960 942 4021 diei

220 4075 386 4139 Restituens
402 4079 483 4140 hries
498 4083 654 4140 nocturnas
668 4079 820 4140 subtrahat
833 4081 930 4158 horas,

222 4197 269 4272 Ut,
286 4197 351 4258 nive
366 4205 508 4276 cessante,
523 4219 587 4261 cum
602 4199 694 4280 primo
709 4200 813 4262 volarit
825 4201 972 4284 hyrundo,
