3226 5168
580 529 682 574 alm
703 529 865 574 necinus.

203 645 229 705 N
233 645 290 707 ulla
304 650 349 706 est
362 643 481 706 ecelesia
495 641 671 717 reverencia,
689 641 766 703 nulle
781 645 944 722 pareutum,

204 766 306 828 Nullus
320 785 401 827 amor
414 765 551 840 fratrum3
568 762 636 825 oleri
648 762 729 845 jacet
743 761 815 823 ordo
830 761 884 824 sub
900 781 984 837 enso;

204 888 262 950 Sed
277 887 430 964 Dominus,
448 886 496 966 qui
511 889 613 948 cuncta
628 884 717 960 videt,
735 881 824 947 nichil
840 902 904 944 esso
918 884 1033 946 salubre

204 1011 410 1090 Sincerumque
424 1009 512 1072 nichil
526 1008 555 1070 in
570 1013 631 1070 tolo
646 1027 768 1090 corpore
782 1008 866 1089 regni

204 1132 398 1214 Prospicienu,
415 1131 512 1194 delere
526 1130 607 1212 eupit
620 1149 685 1192 cum
700 1131 786 1212 plebe
800 1133 944 1212 potantes.

204 1254 279 1334 Ergo
293 1254 357 1316 lues
371 1252 487 1334 gravior
501 1251 576 1316 eludi
591 1250 797 1334 superadditur
816 1274 822 1314 :
840 1257 903 1316 aret

205 1377 235 1438 ln
249 1380 327 1438 terra
342 1394 451 1451 semen,
468 1375 512 1437 vel
526 1373 664 1455 germinis
677 1374 768 1436 herba
783 1393 925 1456 sogesquo

204 1497 269 1558 Nou
284 1495 361 1558 veuit
374 1494 412 1557 ad
427 1495 566 1570 oulmum;
583 1493 685 1556 fallunt
698 1512 751 1556 sua
765 1498 831 1556 vota
844 1496 977 1570 colonos;

204 1619 343 1680 Deiectus
357 1616 463 1679 cereris
477 1615 617 1698 penuque
631 1614 765 1678 ameneio
778 1615 870 1678 ᾱίηιιι

205 1739 334 1802 Esuriem
348 1738 475 1821 pariunt.
519 1739 581 1802 Nec
595 1737 635 1800 eis
649 1737 783 1800 animalia
796 1739 916 1802 multum

205 1861 250 1924 lld
265 1862 352 1924 vitum
366 1865 505 1945 prosuut;
522 1861 639 1937 herbas,
657 1862 845 1941 volucresque
861 1862 996 1944 serasque

204 1983 385 2065 lladieesque
401 1983 461 2046 suis
476 1982 677 2046 commendent
690 1982 849 2060 ventribus,
866 1985 941 2046 omni

205 2103 324 2166 llateria
336 2103 430 2165 vietum
445 2107 630 2184 consumpta;
647 2121 700 2165 uec
714 2107 810 2164 tamen
823 2102 891 2166 inde

205 2223 331 2304 ingluvie
346 2223 454 2287 ventris
468 2221 578 2299 sedata,
599 2222 701 2286 mortis
714 2241 832 2305 ymago,

205 2345 321 2426 'lorpor
334 2343 423 2418 iners,
440 2344 542 2425 pallor,
559 2342 676 2419 macies,
693 2347 722 2404 et
735 2360 831 2404 meror
845 2344 963 2424 ulique.

205 2465 354 2544 Nusquam
369 2464 452 2528 deest
465 2463 603 2544 moriens,
620 2482 677 2526 nou
692 2463 804 2544 plangit
817 2461 875 2525 illio
889 2469 1021 2540 matrem,

205 2587 270 2647 Nou
285 2605 338 2648 sua
352 2590 443 2647 meter
457 2603 531 2661 eam,
547 2605 604 2646 nou
619 2583 728 2646 claudit
741 2584 850 2646 lumina
864 2586 955 2666 patris

204 2698 305 2774 Filius,
321 2703 371 2760 aut
384 2698 485 2762 metris
500 2699 557 2760 leto
570 2697 728 2760 moriturus
743 2697 856 2760 eodem.

204 2822 269 2884 Non
284 2820 420 2882 defuncta
433 2824 543 2900 queunt
556 2819 680 2902 sepelire
694 2819 834 2882 cadavera
847 2820 915 2897 vivi,

207 2942 289 3013 Quos
303 2945 399 3002 manet·
412 2939 546 3003 instantis
561 2957 668 3018 urgens
684 2939 788 3002 vicinia
801 2959 896 3002 casus.

205 3063 336 3124 llortuus
350 3066 379 3123 et
396 3061 531 3140 moriens,
547 3063 687 3142 languena
702 3067 731 3124 et
746 3062 826 3124 vivus
841 3062 868 3123 in
883 3083 941 3126 urvo

206 3174 388 3238 Conveniunt
401 3175 492 3250 leet03
510 3195 564 3237 nee
578 3175 643 3236 vivo
658 3181 788 3238 mortuus
803 3176 891 3238 ullum

206 3297 309 3359 lneutit
323 3297 484 3377 horrorem,
499 3315 580 3358 ruore
592 3297 694 3360 mortis
709 3301 801 3360 morte
814 3298 934 3362 molesta

206 3421 257 3482 Est
270 3419 361 3501 magis
377 3419 500 3482 afflictis.
544 3420 605 3482 Sub
620 3420 681 3482 sole
694 3420 793 3482 relicte
807 3419 971 3500 liquescunt

206 3541 349 3624 Corpora,
366 3562 422 3622 que
436 3546 528 3604 totum
542 3545 732 3624 corrumpunt
745 3560 813 3604 aera
828 3541 910 3604 vivis.

206 3665 305 3726 Altera
319 3681 407 3726 eausa
421 3663 509 3740 neeis,
525 3683 597 3743 quos
611 3682 690 3726 mors
704 3663 844 3746 permittit
857 3664 947 3741 abire,

205 3778 251 3838 De
265 3795 356 3856 regno
369 3775 467 3838 miseri
480 3775 594 3857 lugiunt
608 3777 700 3838 alienu
714 3782 877 3858 sequentes.

206 3900 266 3963 llex
279 3898 394 3980 lugiens
408 3899 481 3980 petit
496 3899 682 3976 Armeniosne,
699 3919 878 3980 regnumque
891 3903 1055 3984 relinquens

206 4019 329 4082 Disseril
343 4020 396 4080 has
411 4020 530 4099 querula
543 4019 723 4083 miserandus
738 4039 807 4084 voce
820 4022 950 4102 loquelas
967 4045 974 4084 :
1175 4045 1235 4099 erto

246 4140 262 4166 “
274 4141 300 4204 Ο
314 4140 395 4220 regio
410 4140 503 4204 diveat
519 4161 536 4202 o
551 4142 655 4206 nobilis
669 4143 763 4208 insula
779 4145 870 4208 Bruto
