3226 5168
607 519 708 564 uranu
729 518 893 563 ouranos.

235 633 356 696 Deviuei
370 633 458 708 bello,
475 631 554 712 quod
568 629 748 705 abhominor,
764 627 954 710 improbitatis

236 757 346 834 Arguat
360 756 484 815 Arturus
499 751 603 826 victos,
618 754 648 812 et
661 747 770 812 senoiet
783 747 852 809 inde

235 877 368 956 Dampna
382 892 435 934 sne
447 871 550 955 partis,
566 888 677 933 necnon
693 867 815 932 andacia
828 875 939 930 crescet

235 993 365 1074 ugninis
379 991 483 1054 Ytalioi
499 991 608 1053 nostris
623 989 651 1052 in
665 994 749 1071 parte
762 989 906 1064 subactis3

235 1115 294 1178 Sed
308 1114 354 1174 via
368 1113 447 1175 nulla
460 1115 540 1194 patet
553 1130 607 1193 per
620 1129 707 1190 quam
721 1108 840 1172 victoria
854 1109 937 1172 uobis

235 1235 378 1298 Plauserit
390 1233 535 1310 arridens,
548 1233 603 1295 nisi
617 1237 702 1314 capto
717 1231 778 1295 sive
791 1235 942 1314 perempto

236 1357 362 1421 Consule
377 1357 502 1418 Petreio.
545 1357 724 1436 Rumpeutes
738 1372 808 1434 ergo
823 1358 954 1416 eauruas

235 1481 362 1542 Romane
376 1476 483 1558 gentis,
498 1475 577 1538 iilum
590 1475 748 1558 capiamus,
764 1479 794 1538 et
807 1493 907 1536 omnes

236 1599 421 1662 Committent
434 1617 487 1660 sua
501 1601 585 1679 terga
598 1599 676 1678 iuge.
690 1597 705 1622 ”
746 1598 880 1674 Paretur,
895 1598 925 1660 in
938 1597 1032 1680 ipsum

236 1725 397 1798 incurrunt,
414 1719 539 1802 capitur,
556 1723 728 1802 captumque
741 1737 795 1800 per
808 1737 911 1799 agmen
926 1718 1048 1782 amicum

236 1843 324 1904 Ducit
337 1861 401 1904 eum
415 1843 503 1904 Boso.
547 1840 732 1904 Concurrunt
745 1839 814 1902 iude
829 1839 960 1913 Quirites

236 1962 308 2045 Ejus
321 1963 350 2024 iu
365 1961 516 2042 auxilium,
532 1961 683 2024 Britonum
698 1965 831 2023 conserta
843 1959 981 2024 resistunt

237 2082 361 2162 Agmina
373 2081 528 2158 Romanis;
544 2083 664 2158 eumer,
679 2081 820 2157 turbacio,
837 2079 924 2143 cedes

237 2205 272 2265 Et
286 2203 425 2286 strepitus
440 2201 524 2264 fiunt.
568 2203 627 2264 lilio
642 2206 765 2284 apparet
777 2206 879 2283 aparte

238 2324 310 2396 Quis
325 2326 393 2400 telo,
409 2325 454 2386 rel
468 2323 532 2404 quis
546 2323 644 2405 gladio
657 2323 731 2385 bene
745 2327 857 2404 pugnat
870 2323 1015 2403 utrinque.

237 2447 375 2528 rioephali
389 2445 504 2508 tandem
520 2445 608 2522 Lacii,
625 2449 710 2526 capto
724 2444 809 2520 duee,
826 2463 958 2525 eampum

239 2565 421 2642 Destituunt;
439 2565 573 2628 Britonos
587 2565 725 2627 oadonoia
737 2570 820 2644 terga
834 2541 1003 2639 cruentant,

239 2689 441 2763 l‘rosteruunt,
457 2687 592 2768 spoliant,
609 2686 737 2769 capiunt,
754 2690 912 2767 captosque
925 2685 1029 2765 ligatos

238 2810 410 2871 Presentaut
424 2808 498 2888 regi.
525 2809 614 2912 ulter,
630 2809 686 2870 leto
700 2807 806 2888 gaudia
819 2807 923 2868 mentis

237 2930 292 2992 Vix
307 2929 445 3010 retinens,
462 2930 551 2992 donat
563 2929 687 2992 victores
701 2929 789 2990 divite
803 2928 891 2991 dono.

238 3050 308 3112 iuda
324 3049 432 3126 Cadur,
451 3049 574 3126 Beduer,
591 3051 735 3124 Borolius,
751 3049 970 3128 Richeriusquo,

238 3171 440 3250 innumerique
455 3169 503 3232 atii
517 3169 622 3250 quibus
636 3170 683 3231 isti
697 3169 740 3232 bis
754 3168 812 3230 duo
827 3175 958 3250 presunt,

238 3293 366 3356 Parisios
380 3291 492 3355 ducunt
505 3292 634 3374 captivos
648 3311 717 3372 rege
728 3291 862 3374 jubente.

239 3413 346 3475 Lucius
360 3412 390 3474 id
403 3413 545 3475 meditans
559 3413 615 3474 tria
629 3411 706 3474 milia
719 3412 845 3492 quinque
859 3412 983 3474 virorum

238 3535 334 3616 Eligit,
350 3539 381 3597 et
393 3553 478 3614 reges
492 3533 566 3597 Sirio
581 3533 746 3615 Libiesque,
762 3533 895 3615 duosque

240 3657 324 3730 Quos
338 3655 476 3718 decorant
489 3657 593 3732 fasces,
610 3655 665 3718 illis
679 3655 827 3739 proponit,
844 3675 951 3736 eosque

239 3777 326 3842 Mittit
339 3777 367 3838 in
383 3795 535 3838 occursum
549 3776 700 3839 missorum
715 3777 794 3857 regis
808 3776 836 3838 in
851 3780 913 3838 atro

238 3898 338 3960 Noctis
351 3903 475 3960 secreto.
520 3897 642 3960 Latitant
656 3898 685 3960 iu
699 3897 785 3973 veile,
802 3916 928 3977 suosque

239 4013 398 4093 Expectant
409 4011 520 4072 hostes.
562 4006 701 4084 Veniunt,
717 4015 876 4092 captosque
890 4012 1020 4074 Britanni

239 4131 397 4196 Adducunt
411 4133 523 4210 Lucios,
539 4153 611 4213 quos
626 4131 706 4196 vallis
721 4135 863 4198 clauserat
876 4140 949 4197 atra.
