3226 5168
595 518 699 564 crass
719 517 880 564 ocrnrus.

222 633 363 714 Expertus
378 631 456 707 novi,
471 629 558 692 michi
571 628 691 711 paudite
705 627 774 708 quid
787 626 826 690 sit
839 627 994 708 agendum,

222 749 302 822 Quid
315 749 562 833 respondendum.
605 746 771 810 Temeraria
784 747 875 812 Roma
887 746 1025 810 tributum

221 871 317 952 Exigit
329 889 348 932 a
360 869 456 947 nobis,
472 867 647 952 pretendens
660 867 881 950 premeditatum

220 990 333 1054 Erroris
347 1009 473 1054 causam.
516 989 594 1062 Quia
606 988 634 1050 ri
650 993 821 1071 perceperat
833 989 900 1052 olim

220 1115 246 1176 Α
259 1111 366 1174 nostris
380 1111 472 1175 Cesar
485 1109 608 1190 vectigal
621 1109 726 1186 Julius,
742 1129 777 1172 ex
790 1108 846 1172 hoo

220 1233 273 1294 tus
286 1251 344 1296 non
358 1231 485 1312 adquirit
496 1229 641 1294 successio
656 1229 787 1306 Cesaris;
802 1229 888 1294 immo

221 1351 360 1434 Turpiter
373 1351 489 1432 allegat,
505 1350 574 1413 dum
588 1349 631 1414 sic
643 1347 771 1414 aueum
784 1347 913 1429 iniquom

220 1471 369 1535 Pretendit
381 1471 497 1534 titulum
511 1489 596 1551 quam
611 1469 751 1535 violencia
765 1469 842 1534 nullo

220 1595 290 1658 turc
302 1594 371 1657 lecit
383 1593 542 1670 dominum,
557 1612 610 1657 uec
623 1592 651 1656 ei
664 1591 841 1674 prescripoio
856 1591 987 1674 prodest.

221 1715 263 1776 Bx
275 1712 450 1777 inconcessis
464 1711 625 1796 procedere
639 1711 665 1776 si
679 1711 746 1776 licet
759 1713 845 1789 ultra,

221 1835 253 1898 Si
266 1835 357 1900 Rome
370 1833 497 1915 adquirit
509 1833 651 1902 violentus
664 1833 756 1916 predo
769 1833 919 1911 tributum,

222 1957 248 2018 A
261 1953 345 2017 simili
357 1973 446 2018 cansa
458 1953 542 2017 uobis
556 1958 600 2018 est
613 1953 730 2017 subdita
742 1955 843 2018 Roma.

222 2077 268 2138 An
281 2095 338 2137 non
352 2073 469 2137 Batinus
484 2081 513 2138 et
526 2074 671 2150 Brennus,
686 2073 770 2136 ambo
784 2073 927 2150 Britanni,

223 2195 372 2277 imperiale
386 2195 477 2257 decus
490 2195 581 2256 Roma
594 2197 713 2256 tenuem
726 2193 864 2256 subacta?

222 2314 257 2376 Bt
269 2313 487 2390 Constantinus,
503 2313 609 2376 Helene
623 2311 782 2376 clarissima
795 2313 906 2394 proles,

222 2433 333 2496 Proluit
345 2432 479 2516 imperio,
495 2452 621 2496 necnon
635 2437 665 2496 et
678 2431 882 2510 Maximianum

223 2553 254 2615 lu
268 2573 391 2634 quorum
404 2553 528 2617 succedo
541 2554 646 2631 locum,
662 2573 719 2616 non
733 2552 860 2634 degener
872 2554 968 2616 hares.

222 2675 254 2737 Si
266 2676 373 2758 placet,
387 2675 477 2758 idque
489 2675 585 2751 michi,
601 2673 683 2752 socii,
699 2673 840 2757 prodesse
854 2674 969 2752 videtis,

221 2797 461 2860 Predecessorum
474 2796 559 2860 michi
572 2797 696 2860 reddere
706 2796 777 2879 jora
790 2817 918 2860 meorum

221 2917 365 2981 Mandabo
379 2918 469 2981 Rome
483 2937 539 2998 quc
554 2916 650 3000 privat
662 2918 772 2981 honore
785 2937 849 2982 mco
862 2936 918 2980 me.
932 2917 947 2942 ’'

221 3039 286 3101 Vox
299 3042 362 3100 crat
375 3038 404 3100 in
418 3057 506 3102 cursu
519 3038 640 3102 dicentis
653 3039 724 3102 talia
738 3039 827 3119 regis,

222 3159 296 3222 Cum
312 3159 355 3222 sic
368 3160 481 3242 excepit
494 3177 545 3224 rex
559 3161 762 3225 Armorieanus
775 3161 883 3224 Hostus
901 3183 907 3222 :

221 3281 236 3308 '¹
247 3283 367 3345 Fluctuo
382 3282 476 3348 leticia
490 3283 569 3364 quod
583 3287 622 3360 te,
639 3281 795 3346 clarissime
808 3302 920 3364 regum,

222 3401 434 3483 Magnanimum
447 3401 532 3466 rideo
546 3405 576 3464 et
588 3405 668 3466 tante
680 3401 797 3466 virtutis
810 3403 918 3466 habere

222 3521 372 3585 Indicium.
414 3523 479 3584 'tua
488 3522 556 3605 jura
571 3529 685 3604 petens,
701 3541 751 3586 sus
761 3522 833 3604 jura
846 3523 965 3605 petendi

220 3643 273 3706 Jus
286 3643 340 3704 tibi
353 3643 444 3706 Roma
457 3642 537 3705 dedit
553 3665 560 3704 ε
577 3662 713 3706 concesso
725 3643 794 3725 jura
808 3643 924 3706 fruaris.

221 3765 295 3827 Ecce
308 3764 469 3828 Sibillinum
484 3784 599 3828 carmen
613 3765 802 3847 complebitur
816 3765 845 3826 in
860 3773 900 3842 tc,

223 3885 289 3956 Quo
303 3889 418 3948 cantum
433 3891 479 3948 est
490 3905 589 3966 regem
603 3890 753 3949 venturum
767 3905 803 3947 ex
815 3905 869 3948 axe
882 3885 1035 3964 Britanno,

223 4005 282 4078 Qui
295 4005 351 4068 sibi
364 4007 486 4069 subiciet
500 4009 588 4086 ferro,
604 4007 699 4086 dama,
715 4009 789 4071 lame
802 4009 932 4072 Romam.

222 4125 309 4188 Utere
320 4126 388 4209 jure
402 4127 469 4190 delo
482 4128 535 4191 tibi
549 4129 626 4206 latis,
640 4133 723 4192 utere
736 4133 852 4210 sceptro
