3206 5134
384 481 421 546 l6
660 498 765 546 casca
787 498 901 545 asena
922 499 1135 548 sarrianis.

382 614 468 674 dere.
509 611 586 676 llille
600 611 685 674 simul
698 611 781 674 haste
793 611 967 692 franguntur
981 612 1126 693 utrinque.

381 733 457 796 Mille
472 731 580 796 cadunt
592 751 743 816 procerem
760 737 929 797 sternuntur
942 734 1020 796 mille
1034 734 1165 798 clientes.

383 851 534 916 Occiditur
548 853 675 930 Tamus,
691 852 729 915 do
742 851 827 935 cujus
840 853 954 916 nomine
968 853 1078 916 clerum

381 973 492 1036 Nomen
504 973 591 1035 hebet
605 973 745 1050 Turonis;
762 993 819 1053 quo
832 991 887 1036 nec
900 973 1053 1038 formosior
1067 975 1140 1037 alter

382 1093 435 1155 Vel
448 1093 592 1175 probitate
604 1092 697 1176 prior,
712 1094 759 1156 rel
771 1094 863 1156 Bruto
878 1094 982 1170 carior,
999 1094 1078 1157 isurd

381 1213 507 1277 Venerat
519 1214 558 1276 ad
570 1213 688 1292 bellum,
703 1217 803 1294 preter
815 1213 945 1278 mirabile
958 1234 1066 1296 eorpus

382 1334 482 1397 lnricti
496 1335 621 1412 floriaci,
639 1335 688 1416 qui
701 1339 809 1415 quanto
823 1335 939 1398 Lucifer
952 1340 1042 1412 asma,

381 1454 416 1514 Et
430 1455 474 1517 sol
487 1455 662 1532 Luciferum,
677 1459 758 1518 lanto
772 1456 967 1537 supereminet
980 1475 1089 1520 omnes.

381 1575 457 1638 Dum
472 1575 586 1638 dubitet
598 1577 712 1639 llcvors
726 1577 773 1638 cui
788 1575 864 1657 parti
878 1580 989 1656 pereat,
1006 1577 1099 1658 impar

382 1695 511 1776 Apparet
525 1695 681 1772 Coriueus;
698 1695 798 1758 Gallos
812 1695 852 1756 nil
866 1696 924 1757 tale
938 1695 1073 1758 timentes

382 1814 514 1896 Occupet
527 1835 545 1878 a
558 1821 656 1897 tergo;
673 1816 777 1879 sternit
789 1821 978 1896 sternuntque
993 1817 1126 1880 cohortes

383 1935 448 2008 Que
462 1936 634 2000 comitantur
648 1957 724 2014 eum,
742 1937 840 2000 Gallos
854 1939 883 1999 in
897 1943 994 2017 tergm
1010 1943 1145 2018 gerentes

382 2058 413 2118 ln
426 2057 547 2118 Brutum
562 2058 669 2133 vultus,
685 2056 742 2118 illis
756 2057 876 2120 andacia
891 2057 997 2119 crescit

382 2175 440 2247 Qui
454 2180 531 2238 stunt
544 2195 608 2238 cum
622 2177 722 2238 Bruto.
767 2175 841 2240 Galli
855 2196 908 2238 nec
921 2181 999 2238 retro
1014 2185 1148 2240 nocente

382 2295 461 2359 Cede
475 2301 585 2359 carent.
628 2295 743 2358 Cedunt
756 2295 902 2358 cedentes.
946 2296 1054 2358 Troice
1067 2297 1144 2358 cedit

380 2415 454 2480 Ense
468 2418 583 2495 cohors,
599 2436 652 2479 nec
666 2421 761 2479 cesset
774 2437 824 2478 cos
839 2416 953 2478 diverse
966 2421 1097 2496 petentes

379 2538 478 2618 Usque
492 2537 584 2618 sequi,
600 2537 693 2599 donec
707 2538 798 2598 Bruto
814 2537 933 2600 victorie
946 2537 1033 2598 cedit.

419 2659 486 2722 Dux
499 2658 597 2739 igitur,
614 2657 742 2738 quumvis
757 2657 875 2718 feliciter
890 2657 995 2718 accidit
1008 2657 1059 2732 illi,

381 2779 476 2842 Corde
490 2785 584 2841 temen
599 2779 713 2854 teritur,
730 2797 817 2858 quum
831 2777 999 2839 decrescere
1014 2777 1130 2855 Troiae,

379 2898 488 2980 lugeri
502 2919 617 2981 semper
631 2898 729 2962 Gallos
743 2898 832 2960 videt.
875 2897 961 2978 Eligit
974 2918 1044 2977 ergo

378 3019 541 3100 Utiliusque
554 3023 638 3102 putat
651 3024 787 3081 extranea
800 3035 890 3097 regna
904 3017 1038 3098 relinqui,

378 3139 610 3220 Promissamqnc
624 3139 680 3200 sibi
693 3144 799 3202 terram
813 3155 866 3218 per
879 3137 937 3199 late
950 3137 1059 3218 requiri

380 3259 505 3341 Equora.
549 3259 685 3342 Trojanis
697 3261 795 3342 placet
807 3259 861 3320 hec
875 3259 1026 3321 sententia.
1068 3260 1163 3322 Nares

380 3381 536 3445 Confestim
550 3385 694 3463 repetunt,
711 3386 740 3442 ct
754 3401 803 3444 eas
817 3381 981 3461 ingentibus
994 3381 1115 3464 implent

380 3502 515 3578 Divitiis;
532 3503 625 3564 realis
638 3503 709 3565 dant
722 3503 819 3564 lintea.
863 3503 954 3564 Terra
968 3503 1058 3584 petito

380 3623 488 3696 Quinte
502 3622 606 3686 deinde
619 3623 666 3685 die
679 3623 781 3702 frigiis
795 3627 885 3704 pelet.
929 3624 960 3685 ln
974 3623 1132 3686 Totoneusi

380 3743 489 3806 Littore
503 3744 679 3820 consistunt;
696 3742 844 3822 intingitur
858 3745 984 3806 anchore
996 3750 1085 3807 terro.

379 3866 488 3930 Omnes
503 3866 640 3941 exultent,
657 3883 754 3926 omncs
768 3865 832 3925 loce
845 3869 929 3943 grate
942 3865 1077 3941 salutant,

379 3985 483 4048 Grates
497 3985 566 4046 dent
581 3984 687 4046 Tm'vie.
731 3985 775 4045 De
790 3984 911 4045 navibus
926 3985 1114 4064 egrediuntur
1130 4005 1137 4045 τ

378 4109 470 4170 Terra
482 4106 552 4170 viris
566 4125 717 4169 nemorosa
728 4107 837 4187 placct;
852 4105 966 4186 piscosa
979 4105 1086 4168 fluenta
