3226 5168
585 554 687 600 alan
708 553 871 602 cornua.

213 665 259 728 nd
273 665 376 728 vallem
388 667 523 742 tendunt,
539 666 588 728 ubi
601 685 653 728 rar
666 669 799 748 expectat
812 685 911 730 eorum

212 786 290 848 Furti
305 791 401 848 mente
414 787 523 868 lugam,
539 805 604 849 sese
618 803 687 868 pars
703 791 826 867 utraque
840 783 958 850 cernil.'

253 906 328 979 Quis
341 908 432 983 furor,
450 908 582 970 olortesl
598 927 652 990 pro
666 926 757 988 regno
772 908 940 990 deperitura

211 1028 338 1090 Perdere
353 1032 525 1110 perpetuum
539 1030 679 1108 regnum?
694 1027 823 1111 perdetis
837 1038 991 1110 utrumque

210 1147 384 1212 Excedcndo
399 1149 527 1212 modum.
571 1149 713 1213 contentu
728 1149 877 1212 Britannia
891 1149 947 1212 line

212 1269 322 1332 Debuit
337 1289 402 1332 esse
415 1289 479 1332 suo.
522 1269 622 1332 Potuit
635 1289 750 1350 quoque
764 1271 855 1332 Rorna
870 1270 1008 1334 tributum

212 1389 300 1462 Quod
313 1390 387 1473 petit
400 1390 507 1473 injuste
522 1411 579 1453 non
592 1391 738 1470 exegisse3
755 1391 808 1453 sed
822 1391 920 1454 hostes

210 1509 333 1572 Humani
348 1510 463 1591 gennis
479 1510 526 1574 cui
541 1511 597 1587 lus,
613 1516 780 1590 rectumque
795 1509 939 1591 fidemque

209 1629 280 1692 Esse
295 1631 406 1713 nephas
421 1635 545 1708 constat,
566 1651 650 1712 quem
664 1633 783 1694 turbant
796 1635 927 1715 tempora
943 1633 1035 1714 pacis,

210 1751 343 1814 Partibus
356 1771 436 1814 arma
449 1756 546 1834 parat,
562 1751 704 1834 permittit
717 1756 838 1832 utraque
852 1751 1039 1834 triumphurn.

209 1873 270 1934 Nec
283 1878 365 1936 curat
379 1893 464 1954 quarn
478 1872 595 1936 letificet
608 1873 729 1936 uictoria
742 1877 865 1954 partem,

210 1992 269 2062 Qui
283 1991 429 2076 princeps,
446 1992 495 2074 qui
509 1993 694 2076 principium,
711 1991 760 2073 qui
775 2011 862 2056 cansa
876 1995 1014 2058 malorum

210 2112 338 2176 Seminot
352 2113 484 2190 insidias,
501 2115 599 2176 odium
613 2115 700 2198 parit,
717 2113 823 2176 excitat
836 2115 949 2190 urbem,

209 2232 348 2297 Dissolvit
362 2235 451 2316 leges,
466 2236 559 2299 nodos
575 2234 702 2298 denodal
716 2253 861 2310 umorum;

208 2355 446 2437 Suppliciumque
460 2375 544 2420 suum
558 2361 601 2420 est
616 2355 762 2418 bominum
776 2357 925 2418 benefacta
940 2356 1038 2419 ridere

208 2477 436 2559 Successusque,
452 2479 536 2542 bouis
550 2483 579 2541 ct
593 2478 715 2558 derogat
727 2477 842 2540 invidus
858 2477 940 2540 actis.

209 2599 244 2660 Et
258 2600 388 2680 qrramris
402 2601 501 2663 sedem
516 2620 657 2681 nusquam
671 2605 716 2662 est
730 2599 862 2662 aditurus
876 2598 1017 2676 camdem,

211 2719 304 2791 Quam
319 2719 406 2783 miser
419 2721 526 2799 amisit,
542 2728 638 2784 umen
652 2721 714 2783 odit
727 2725 755 2782 et
770 2718 892 2803 impedit
905 2739 1004 2781 omncs

211 2841 292 2912 Quos
308 2847 410 2924 optare
425 2841 546 2904 videtin
560 2841 660 2905 eadem
675 2842 745 2904 sede
760 2841 873 2904 sedere.

209 2963 266 3035 Qui
281 2964 394 3043 didicit,
409 2966 536 3029 doctrice
550 2966 636 3048 phisi‚
653 2985 710 3046 quo
724 2966 822 3027 tallere
835 2965 929 3047 possit

207 3083 303 3148 Corde
318 3087 385 3148 dolo
399 3087 497 3164 cicius,
514 3092 582 3149 saint
595 3087 645 3168 qui
659 3085 793 3166 contagia
807 3085 897 3148 ritant

207 3205 305 3268 illicite
318 3207 456 3284 Venaris;
471 3207 557 3270 latuis
572 3211 668 3268 tamen
683 3205 768 3268 efficit
781 3206 846 3268 illos

206 3326 375 3407 Virginibus
389 3326 506 3390 similes.
550 3326 606 3389 Alii
620 3330 688 3388 sunt
701 3345 758 3388 non
773 3325 900 3402 violenti,

168 3510 172 3518 ,
205 3447 270 3509 Non
285 3447 375 3524 iures,
392 3466 450 3510 non
463 3446 599 3524 lalsidici;
616 3453 710 3509 tamen
725 3444 815 3507 inficit
827 3444 892 3507 illos

205 3567 321 3631 Crimen
335 3567 468 3645 avaricie,
484 3569 563 3649 qnod
577 3573 606 3630 ot
619 3573 664 3630 est
677 3567 790 3630 cultura
803 3566 933 3629 deorum.

205 3687 257 3750 Est
271 3687 357 3765 alius,
373 3687 422 3768 qui
436 3689 612 3771 pauperibus
626 3687 767 3770 dispargit
780 3687 916 3749 habunde

204 3809 346 3886 Plurima3
363 3810 416 3872 sed
429 3813 540 3872 tantum
555 3808 609 3870 sibi
623 3807 732 3888 colligit
744 3807 812 3869 inde
826 3807 952 3869 lauorcrn

204 3931 332 3992 llumuue
346 3929 450 4006 laudis,
467 3935 496 3992 et
510 3929 609 4012 prodit
620 3949 680 3992 rem
695 3928 895 4009 meritumque.

203 4051 350 4114 Exornant
363 4050 436 4113 alios
451 4050 597 4127 facundia,
612 4051 711 4130 lingua
725 4050 844 4126 diserta,

205 4173 298 4251 Larga
311 4189 425 4248 manus,
441 4171 530 4234 lacios
545 4169 674 4246 illustris,
690 4169 809 4231 dextera
824 4169 916 4244 sortis,

1180 2381 1240 2427 3900
