<?xml version="1.0" encoding="UTF-8"?>
<!DOCTYPE html PUBLIC "-//W3C//DTD XHTML 1.0 Transitional//EN"
    "http://www.w3.org/TR/xhtml1/DTD/xhtml1-transitional.dtd">
<html xmlns="http://www.w3.org/1999/xhtml" xml:lang="en" lang="en">
 <head>
  <title>
</title>
<meta http-equiv="Content-Type" content="text/html;charset=utf-8" />
  <meta name='ocr-system' content='tesseract 3.04.00' />
  <meta name='ocr-capabilities' content='ocr_page ocr_carea ocr_par ocr_line ocrx_word'/>
</head>
<body>
  <div class='ocr_page' id='page_1' title='image "./gestaregumbrita00assogoog_0177.png"; bbox 0 0 3226 5168; ppageno 0'>
   <div class='ocr_carea' id='block_1_1' title="bbox 341 481 1089 542">
    <p class='ocr_par' dir='ltr' id='par_1_1' title="bbox 341 481 1089 542">
     <span class='ocr_line' id='line_1_1' title="bbox 341 481 1089 542; baseline -0.004 0"><span class='ocrx_word' id='word_1_1' title='bbox 341 481 398 542; x_wconf 68' lang='grc'><strong>159</strong></span> <span class='ocrx_word' id='word_1_2' title='bbox 617 495 722 542; x_wconf 83' lang='lat' dir='ltr'><strong>cesrr</strong></span> <span class='ocrx_word' id='word_1_3' title='bbox 744 497 857 541; x_wconf 84' lang='lat' dir='ltr'><strong>nacon</strong></span> <span class='ocrx_word' id='word_1_4' title='bbox 878 496 1089 542; x_wconf 75' lang='lat' dir='ltr'><strong>sarcinula.</strong></span> 
     </span>
    </p>
   </div>
   <div class='ocr_carea' id='block_1_2' title="bbox 339 606 1186 688">
    <p class='ocr_par' dir='ltr' id='par_1_2' title="bbox 339 606 1186 688">
     <span class='ocr_line' id='line_1_2' title="bbox 339 606 1186 688; baseline 0.001 -20"><span class='ocrx_word' id='word_1_5' title='bbox 339 606 422 668; x_wconf 77' lang='lat' dir='ltr'><strong>Adde</strong></span> <span class='ocrx_word' id='word_1_6' title='bbox 437 607 514 686; x_wconf 90' lang='lat' dir='ltr'><strong>quod</strong></span> <span class='ocrx_word' id='word_1_7' title='bbox 529 625 609 668; x_wconf 89' lang='lat' dir='ltr'><strong>arma</strong></span> <span class='ocrx_word' id='word_1_8' title='bbox 623 611 728 687; x_wconf 80' lang='lat' dir='ltr'><strong>gerunt</strong></span> <span class='ocrx_word' id='word_1_9' title='bbox 741 611 842 668; x_wconf 91' lang='lat' dir='ltr'><strong>contra</strong></span> <span class='ocrx_word' id='word_1_10' title='bbox 855 612 1024 686; x_wconf 88' lang='lat' dir='ltr'><strong>rectumque</strong></span> <span class='ocrx_word' id='word_1_11' title='bbox 1038 607 1186 688; x_wconf 86' lang='lat' dir='ltr'><strong>piumque,</strong></span> 
     </span>
    </p>
   </div>
   <div class='ocr_carea' id='block_1_3' title="bbox 331 727 1173 2622">
    <p class='ocr_par' dir='ltr' id='par_1_3' title="bbox 338 727 1074 810">
     <span class='ocr_line' id='line_1_3' title="bbox 338 727 1074 810; baseline 0.001 -21"><span class='ocrx_word' id='word_1_12' title='bbox 338 729 401 790; x_wconf 85' lang='lat' dir='ltr'><strong>Non</strong></span> <span class='ocrx_word' id='word_1_13' title='bbox 419 728 501 790; x_wconf 87' lang='lat' dir='ltr'><strong>veriti</strong></span> <span class='ocrx_word' id='word_1_14' title='bbox 515 733 656 791; x_wconf 57' lang='lat' dir='ltr'><strong>emeram</strong></span> <span class='ocrx_word' id='word_1_15' title='bbox 671 727 756 791; x_wconf 87' lang='lat' dir='ltr'><strong>fidem</strong></span> <span class='ocrx_word' id='word_1_16' title='bbox 770 734 942 810; x_wconf 89' lang='lat' dir='ltr'><strong>patrumque</strong></span> <span class='ocrx_word' id='word_1_17' title='bbox 956 733 1074 791; x_wconf 84' lang='lat' dir='ltr'><strong>statuta.</strong></span> 
     </span>
    </p>

    <p class='ocr_par' dir='ltr' id='par_1_4' title="bbox 337 847 1131 932">
     <span class='ocr_line' id='line_1_4' title="bbox 337 847 1131 932; baseline 0 -21"><span class='ocrx_word' id='word_1_18' title='bbox 337 851 363 911; x_wconf 89' lang='lat' dir='ltr'>N</span> <span class='ocrx_word' id='word_1_19' title='bbox 366 870 398 911; x_wconf 88' lang='lat' dir='ltr'><strong>os</strong></span> <span class='ocrx_word' id='word_1_20' title='bbox 413 849 461 931; x_wconf 89' lang='lat' dir='ltr'><strong>pia</strong></span> <span class='ocrx_word' id='word_1_21' title='bbox 474 869 562 912; x_wconf 89' lang='lat' dir='ltr'><strong>eausa</strong></span> <span class='ocrx_word' id='word_1_22' title='bbox 576 854 671 912; x_wconf 86' lang='lat' dir='ltr'><strong>movet</strong></span> <span class='ocrx_word' id='word_1_23' title='bbox 684 848 808 932; x_wconf 88' lang='lat' dir='ltr'><strong>patriam</strong></span> <span class='ocrx_word' id='word_1_24' title='bbox 823 847 979 911; x_wconf 86' lang='lat' dir='ltr'><strong>delendare</strong></span> <span class='ocrx_word' id='word_1_25' title='bbox 993 854 1131 912; x_wconf 86' lang='lat' dir='ltr'><strong>nostram.</strong></span> 
     </span>
    </p>

    <p class='ocr_par' dir='ltr' id='par_1_5' title="bbox 339 967 1077 1052">
     <span class='ocr_line' id='line_1_5' title="bbox 339 967 1077 1052; baseline 0 -20"><span class='ocrx_word' id='word_1_26' title='bbox 339 971 412 1042; x_wconf 89' lang='lat' dir='ltr'><strong>Quis</strong></span> <span class='ocrx_word' id='word_1_27' title='bbox 427 975 510 1052; x_wconf 91' lang='lat' dir='ltr'><strong>putet</strong></span> <span class='ocrx_word' id='word_1_28' title='bbox 523 969 552 1032; x_wconf 91' lang='lat' dir='ltr'><strong>in</strong></span> <span class='ocrx_word' id='word_1_29' title='bbox 567 971 642 1032; x_wconf 89' lang='lat' dir='ltr'><strong>bello</strong></span> <span class='ocrx_word' id='word_1_30' title='bbox 656 970 773 1032; x_wconf 86' lang='lat' dir='ltr'><strong>stabiles</strong></span> <span class='ocrx_word' id='word_1_31' title='bbox 787 969 961 1050; x_wconf 88' lang='lat' dir='ltr'><strong>dominoque</strong></span> <span class='ocrx_word' id='word_1_32' title='bbox 975 967 1077 1032; x_wconf 87' lang='lat' dir='ltr'><strong>fideles</strong></span> 
     </span>
    </p>

    <p class='ocr_par' dir='ltr' id='par_1_6' title="bbox 337 1091 1139 1173">
     <span class='ocr_line' id='line_1_6' title="bbox 337 1091 1139 1173; baseline -0.002 -19"><span class='ocrx_word' id='word_1_33' title='bbox 337 1094 466 1154; x_wconf 86' lang='lat' dir='ltr'><strong>Saxones</strong></span> <span class='ocrx_word' id='word_1_34' title='bbox 479 1091 641 1173; x_wconf 84' lang='lat' dir='ltr'><strong>empticins,</strong></span> <span class='ocrx_word' id='word_1_35' title='bbox 657 1111 711 1173; x_wconf 90' lang='lat' dir='ltr'><strong>pro</strong></span> <span class='ocrx_word' id='word_1_36' title='bbox 724 1111 843 1154; x_wconf 85' lang='lat' dir='ltr'><strong>munere</strong></span> <span class='ocrx_word' id='word_1_37' title='bbox 858 1095 953 1154; x_wconf 87' lang='lat' dir='ltr'><strong>castra</strong></span> <span class='ocrx_word' id='word_1_38' title='bbox 966 1095 1139 1172; x_wconf 84' lang='lat' dir='ltr'><strong>sequentes?</strong></span> 
     </span>
    </p>

    <p class='ocr_par' dir='ltr' id='par_1_7' title="bbox 337 1212 1085 1294">
     <span class='ocr_line' id='line_1_7' title="bbox 337 1212 1085 1294; baseline -0.001 -19"><span class='ocrx_word' id='word_1_39' title='bbox 337 1212 410 1276; x_wconf 87' lang='lat' dir='ltr'><strong>Cum</strong></span> <span class='ocrx_word' id='word_1_40' title='bbox 424 1213 543 1293; x_wconf 85' lang='lat' dir='ltr'><strong>clangor</strong></span> <span class='ocrx_word' id='word_1_41' title='bbox 557 1213 669 1288; x_wconf 84' lang='lat' dir='ltr'><strong>lituum,</strong></span> <span class='ocrx_word' id='word_1_42' title='bbox 685 1231 781 1287; x_wconf 79' lang='lat' dir='ltr'><strong>voces,</strong></span> <span class='ocrx_word' id='word_1_43' title='bbox 798 1212 919 1294; x_wconf 83' lang='lat' dir='ltr'><strong>hyuitus</strong></span> <span class='ocrx_word' id='word_1_44' title='bbox 934 1231 1085 1292; x_wconf 83' lang='lat' dir='ltr'><strong>equorum,</strong></span> 
     </span>
    </p>

    <p class='ocr_par' dir='ltr' id='par_1_8' title="bbox 336 1333 1136 1414">
     <span class='ocr_line' id='line_1_8' title="bbox 336 1333 1136 1414; baseline -0.003 -17"><span class='ocrx_word' id='word_1_45' title='bbox 336 1335 409 1398; x_wconf 87' lang='lat' dir='ltr'><strong>Cum</strong></span> <span class='ocrx_word' id='word_1_46' title='bbox 423 1337 523 1414; x_wconf 78' lang='lat' dir='ltr'><strong>fragor</strong></span> <span class='ocrx_word' id='word_1_47' title='bbox 537 1353 693 1410; x_wconf 66' lang='lat' dir='ltr'><strong>umorum,</strong></span> <span class='ocrx_word' id='word_1_48' title='bbox 709 1333 850 1414; x_wconf 87' lang='lat' dir='ltr'><strong>strepitus</strong></span> <span class='ocrx_word' id='word_1_49' title='bbox 862 1333 1034 1396; x_wconf 78' lang='lat' dir='ltr'><strong>resonabilis</strong></span> <span class='ocrx_word' id='word_1_50' title='bbox 1047 1335 1136 1408; x_wconf 85' lang='lat' dir='ltr'><strong>Echo,</strong></span> 
     </span>
    </p>

    <p class='ocr_par' dir='ltr' id='par_1_9' title="bbox 336 1453 961 1536">
     <span class='ocr_line' id='line_1_9' title="bbox 336 1453 961 1536; baseline 0.002 -21"><span class='ocrx_word' id='word_1_51' title='bbox 336 1453 517 1534; x_wconf 85' lang='lat' dir='ltr'><strong>ingeminans</strong></span> <span class='ocrx_word' id='word_1_52' title='bbox 531 1473 630 1530; x_wconf 81' lang='lat' dir='ltr'><strong>voees,</strong></span> <span class='ocrx_word' id='word_1_53' title='bbox 646 1454 783 1536; x_wconf 84' lang='lat' dir='ltr'><strong>irruperit</strong></span> <span class='ocrx_word' id='word_1_54' title='bbox 797 1473 875 1534; x_wconf 87' lang='lat' dir='ltr'><strong>aera,</strong></span> <span class='ocrx_word' id='word_1_55' title='bbox 893 1454 961 1516; x_wconf 81' lang='lat' dir='ltr'><strong>viles</strong></span> 
     </span>
    </p>

    <p class='ocr_par' dir='ltr' id='par_1_10' title="bbox 335 1573 1173 1776">
     <span class='ocr_line' id='line_1_10' title="bbox 335 1573 1173 1656; baseline 0.002 -20"><span class='ocrx_word' id='word_1_56' title='bbox 335 1576 432 1654; x_wconf 78' lang='lat' dir='ltr'><strong>Terga</strong></span> <span class='ocrx_word' id='word_1_57' title='bbox 446 1575 555 1636; x_wconf 90' lang='lat' dir='ltr'><strong>dabunt</strong></span> <span class='ocrx_word' id='word_1_58' title='bbox 568 1573 751 1651; x_wconf 83' lang='lat' dir='ltr'><strong>conducticli,</strong></span> <span class='ocrx_word' id='word_1_59' title='bbox 768 1593 958 1654; x_wconf 77' lang='lat' dir='ltr'><strong>campumque</strong></span> <span class='ocrx_word' id='word_1_60' title='bbox 972 1575 1146 1656; x_wconf 74' lang='lat' dir='ltr'><strong>relinquent.</strong></span> <span class='ocrx_word' id='word_1_61' title='bbox 1160 1577 1173 1598; x_wconf 90' lang='lat'><strong>&#39;&#39;</strong></span> 
     </span>
     <span class='ocr_line' id='line_1_11' title="bbox 373 1695 1116 1776; baseline 0.003 -20"><span class='ocrx_word' id='word_1_62' title='bbox 373 1695 434 1756; x_wconf 89' lang='lat' dir='ltr'><strong>Nec</strong></span> <span class='ocrx_word' id='word_1_63' title='bbox 447 1713 538 1770; x_wconf 86' lang='lat' dir='ltr'><strong>mora,</strong></span> <span class='ocrx_word' id='word_1_64' title='bbox 555 1702 729 1756; x_wconf 88' lang='lat' dir='ltr'><strong>concurrunt</strong></span> <span class='ocrx_word' id='word_1_65' title='bbox 743 1695 831 1770; x_wconf 84' lang='lat' dir='ltr'><strong>acies,</strong></span> <span class='ocrx_word' id='word_1_66' title='bbox 847 1699 985 1775; x_wconf 84' lang='lat' dir='ltr'><strong>tantaque</strong></span> <span class='ocrx_word' id='word_1_67' title='bbox 1000 1697 1116 1776; x_wconf 79' lang='lat' dir='ltr'><strong>fragore</strong></span> 
     </span>
    </p>

    <p class='ocr_par' dir='ltr' id='par_1_11' title="bbox 334 1813 965 1894">
     <span class='ocr_line' id='line_1_12' title="bbox 334 1813 965 1894; baseline 0 -18"><span class='ocrx_word' id='word_1_68' title='bbox 334 1817 391 1876; x_wconf 74' lang='lat' dir='ltr'><strong>Aer</strong></span> <span class='ocrx_word' id='word_1_69' title='bbox 406 1813 582 1890; x_wconf 80' lang='lat' dir='ltr'><strong>concutitur,</strong></span> <span class='ocrx_word' id='word_1_70' title='bbox 597 1819 722 1894; x_wconf 84' lang='lat' dir='ltr'><strong>quantus</strong></span> <span class='ocrx_word' id='word_1_71' title='bbox 735 1814 817 1875; x_wconf 87' lang='lat' dir='ltr'><strong>lieret</strong></span> <span class='ocrx_word' id='word_1_72' title='bbox 829 1815 965 1876; x_wconf 86' lang='lat' dir='ltr'><strong>resolutis</strong></span> 
     </span>
    </p>

    <p class='ocr_par' dir='ltr' id='par_1_12' title="bbox 333 1933 1021 2016">
     <span class='ocr_line' id='line_1_13' title="bbox 333 1933 1021 2016; baseline 0 -20"><span class='ocrx_word' id='word_1_73' title='bbox 333 1936 365 1996; x_wconf 93' lang='lat' dir='ltr'><strong>ln</strong></span> <span class='ocrx_word' id='word_1_74' title='bbox 379 1934 476 1998; x_wconf 88' lang='lat' dir='ltr'><strong>Chaos</strong></span> <span class='ocrx_word' id='word_1_75' title='bbox 491 1933 641 2013; x_wconf 87' lang='lat' dir='ltr'><strong>antiquum</strong></span> <span class='ocrx_word' id='word_1_76' title='bbox 655 1935 717 1996; x_wconf 91' lang='lat' dir='ltr'><strong>celo</strong></span> <span class='ocrx_word' id='word_1_77' title='bbox 732 1942 867 2014; x_wconf 83' lang='lat' dir='ltr'><strong>terraque</strong></span> <span class='ocrx_word' id='word_1_78' title='bbox 881 1935 1021 2016; x_wconf 87' lang='lat' dir='ltr'><strong>marique.</strong></span> 
     </span>
    </p>

    <p class='ocr_par' dir='ltr' id='par_1_13' title="bbox 335 2055 946 2137">
     <span class='ocr_line' id='line_1_14' title="bbox 335 2055 946 2137; baseline 0.002 -20"><span class='ocrx_word' id='word_1_79' title='bbox 335 2058 363 2117; x_wconf 93' lang='lat' dir='ltr'><strong>ln</strong></span> <span class='ocrx_word' id='word_1_80' title='bbox 379 2055 472 2137; x_wconf 87' lang='lat' dir='ltr'><strong>primo</strong></span> <span class='ocrx_word' id='word_1_81' title='bbox 486 2055 552 2116; x_wconf 89' lang='lat' dir='ltr'><strong>belli</strong></span> <span class='ocrx_word' id='word_1_82' title='bbox 567 2055 713 2132; x_wconf 83' lang='lat' dir='ltr'><strong>conllictu,</strong></span> <span class='ocrx_word' id='word_1_83' title='bbox 730 2055 807 2118; x_wconf 86' lang='lat' dir='ltr'><strong>mille</strong></span> <span class='ocrx_word' id='word_1_84' title='bbox 821 2055 946 2135; x_wconf 73' lang='lat' dir='ltr'><strong>sagittis,</strong></span> 
     </span>
    </p>

    <p class='ocr_par' dir='ltr' id='par_1_14' title="bbox 331 2175 1147 2258">
     <span class='ocr_line' id='line_1_15' title="bbox 331 2175 1147 2258; baseline 0.005 -20"><span class='ocrx_word' id='word_1_85' title='bbox 331 2177 407 2238; x_wconf 86' lang='lat' dir='ltr'><strong>llille</strong></span> <span class='ocrx_word' id='word_1_86' title='bbox 421 2175 528 2238; x_wconf 86' lang='lat' dir='ltr'><strong>cadunt</strong></span> <span class='ocrx_word' id='word_1_87' title='bbox 538 2175 655 2258; x_wconf 85' lang='lat' dir='ltr'><strong>jaculis.</strong></span> <span class='ocrx_word' id='word_1_88' title='bbox 700 2175 821 2252; x_wconf 74' lang='lat' dir='ltr'><strong>utentis,</strong></span> <span class='ocrx_word' id='word_1_89' title='bbox 839 2196 923 2258; x_wconf 81' lang='lat' dir='ltr'><strong>seges</strong></span> <span class='ocrx_word' id='word_1_90' title='bbox 937 2180 995 2240; x_wconf 90' lang='lat' dir='ltr'><strong>alta</strong></span> <span class='ocrx_word' id='word_1_91' title='bbox 1011 2179 1147 2255; x_wconf 84' lang='lat' dir='ltr'><strong>virorum,</strong></span> 
     </span>
    </p>

    <p class='ocr_par' dir='ltr' id='par_1_15' title="bbox 332 2298 1082 2381">
     <span class='ocr_line' id='line_1_16' title="bbox 332 2298 1082 2381; baseline 0.007 -21"><span class='ocrx_word' id='word_1_92' title='bbox 332 2299 418 2361; x_wconf 90' lang='lat' dir='ltr'><strong>Secta</strong></span> <span class='ocrx_word' id='word_1_93' title='bbox 427 2299 528 2381; x_wconf 87' lang='lat' dir='ltr'><strong>jacent</strong></span> <span class='ocrx_word' id='word_1_94' title='bbox 541 2299 680 2362; x_wconf 89' lang='lat' dir='ltr'><strong>membra.</strong></span> <span class='ocrx_word' id='word_1_95' title='bbox 724 2300 793 2360; x_wconf 87' lang='lat' dir='ltr'><strong>Late</strong></span> <span class='ocrx_word' id='word_1_96' title='bbox 807 2299 866 2361; x_wconf 91' lang='lat' dir='ltr'><strong>ruit</strong></span> <span class='ocrx_word' id='word_1_97' title='bbox 880 2298 958 2363; x_wconf 91' lang='lat' dir='ltr'><strong>unda</strong></span> <span class='ocrx_word' id='word_1_98' title='bbox 971 2303 1082 2365; x_wconf 91' lang='lat' dir='ltr'><strong>crucris</strong></span> 
     </span>
    </p>

    <p class='ocr_par' dir='ltr' id='par_1_16' title="bbox 331 2417 1073 2484">
     <span class='ocr_line' id='line_1_17' title="bbox 331 2417 1073 2484; baseline 0.005 -4"><span class='ocrx_word' id='word_1_99' title='bbox 331 2419 367 2480; x_wconf 83' lang='lat' dir='ltr'><strong>Et</strong></span> <span class='ocrx_word' id='word_1_100' title='bbox 382 2417 447 2481; x_wconf 89' lang='lat' dir='ltr'><strong>lluit</strong></span> <span class='ocrx_word' id='word_1_101' title='bbox 462 2419 491 2480; x_wconf 95' lang='lat' dir='ltr'><strong>in</strong></span> <span class='ocrx_word' id='word_1_102' title='bbox 505 2418 633 2481; x_wconf 85' lang='lat' dir='ltr'><strong>fiuvium.</strong></span> <span class='ocrx_word' id='word_1_103' title='bbox 677 2419 816 2482; x_wconf 78' lang='lat' dir='ltr'><strong>Naturam</strong></span> <span class='ocrx_word' id='word_1_104' title='bbox 831 2418 971 2482; x_wconf 89' lang='lat' dir='ltr'><strong>Canibula</strong></span> <span class='ocrx_word' id='word_1_105' title='bbox 985 2423 1073 2484; x_wconf 92' lang='lat' dir='ltr'><strong>lontis</strong></span> 
     </span>
    </p>

    <p class='ocr_par' dir='ltr' id='par_1_17' title="bbox 331 2540 1083 2622">
     <span class='ocr_line' id='line_1_18' title="bbox 331 2540 1083 2622; baseline 0.004 -18"><span class='ocrx_word' id='word_1_106' title='bbox 331 2543 467 2604; x_wconf 81' lang='lat' dir='ltr'><strong>Matutam</strong></span> <span class='ocrx_word' id='word_1_107' title='bbox 482 2546 581 2622; x_wconf 90' lang='lat' dir='ltr'><strong>stupet</strong></span> <span class='ocrx_word' id='word_1_108' title='bbox 595 2561 659 2604; x_wconf 88' lang='lat' dir='ltr'><strong>esse</strong></span> <span class='ocrx_word' id='word_1_109' title='bbox 673 2540 733 2616; x_wconf 88' lang='lat' dir='ltr'><strong>sui;</strong></span> <span class='ocrx_word' id='word_1_110' title='bbox 751 2543 928 2606; x_wconf 79' lang='lat' dir='ltr'><strong>transcendit</strong></span> <span class='ocrx_word' id='word_1_111' title='bbox 941 2543 1083 2608; x_wconf 89' lang='lat' dir='ltr'><strong>inundans</strong></span> 
     </span>
    </p>
   </div>
   <div class='ocr_carea' id='block_1_4' title="bbox 330 2660 1035 2857">
    <p class='ocr_par' dir='ltr' id='par_1_18' title="bbox 330 2660 1035 2857">
     <span class='ocr_line' id='line_1_19' title="bbox 330 2660 1035 2744; baseline 0.004 -20"><span class='ocrx_word' id='word_1_112' title='bbox 330 2661 513 2742; x_wconf 81' lang='lat' dir='ltr'><strong>Sanguineas</strong></span> <span class='ocrx_word' id='word_1_113' title='bbox 527 2667 641 2724; x_wconf 87' lang='lat' dir='ltr'><strong>torrens</strong></span> <span class='ocrx_word' id='word_1_114' title='bbox 655 2660 746 2742; x_wconf 87' lang='lat' dir='ltr'><strong>ripas,</strong></span> <span class='ocrx_word' id='word_1_115' title='bbox 763 2665 793 2722; x_wconf 91' lang='lat' dir='ltr'><strong>et</strong></span> <span class='ocrx_word' id='word_1_116' title='bbox 807 2661 886 2724; x_wconf 76' lang='lat' dir='ltr'><strong>(lucit</strong></span> <span class='ocrx_word' id='word_1_117' title='bbox 900 2663 929 2725; x_wconf 92' lang='lat' dir='ltr'><strong>in</strong></span> <span class='ocrx_word' id='word_1_118' title='bbox 944 2683 1035 2744; x_wconf 87' lang='lat' dir='ltr'><strong>equor</strong></span> 
     </span>
     <span class='ocr_line' id='line_1_20' title="bbox 332 2775 1007 2857; baseline 0.001 -18"><span class='ocrx_word' id='word_1_119' title='bbox 332 2776 464 2857; x_wconf 85' lang='lat' dir='ltr'><strong>Corpore</strong></span> <span class='ocrx_word' id='word_1_120' title='bbox 477 2795 620 2838; x_wconf 89' lang='lat' dir='ltr'><strong>cesorum.</strong></span> <span class='ocrx_word' id='word_1_121' title='bbox 665 2775 766 2836; x_wconf 89' lang='lat' dir='ltr'><strong>Plures</strong></span> <span class='ocrx_word' id='word_1_122' title='bbox 781 2781 881 2838; x_wconf 73' lang='lat' dir='ltr'><strong>natam</strong></span> <span class='ocrx_word' id='word_1_123' title='bbox 896 2778 1007 2842; x_wconf 84' lang='lat' dir='ltr'><strong>videres</strong></span> 
     </span>
    </p>
   </div>
   <div class='ocr_carea' id='block_1_5' title="bbox 329 2896 1119 4060">
    <p class='ocr_par' dir='ltr' id='par_1_19' title="bbox 331 2896 1105 3101">
     <span class='ocr_line' id='line_1_21' title="bbox 331 2896 1105 2983; baseline 0.01 -25"><span class='ocrx_word' id='word_1_124' title='bbox 331 2899 363 2958; x_wconf 87' lang='lat' dir='ltr'><strong>El</strong></span> <span class='ocrx_word' id='word_1_125' title='bbox 379 2901 478 2978; x_wconf 88' lang='lat' dir='ltr'><strong>petere</strong></span> <span class='ocrx_word' id='word_1_126' title='bbox 492 2896 640 2972; x_wconf 77' lang='lat' dir='ltr'><strong>auxilium,</strong></span> <span class='ocrx_word' id='word_1_127' title='bbox 657 2916 730 2976; x_wconf 91' lang='lat' dir='ltr'><strong>quos</strong></span> <span class='ocrx_word' id='word_1_128' title='bbox 744 2897 873 2960; x_wconf 90' lang='lat' dir='ltr'><strong>noudum</strong></span> <span class='ocrx_word' id='word_1_129' title='bbox 887 2899 944 2961; x_wconf 85' lang='lat' dir='ltr'><strong>vila</strong></span> <span class='ocrx_word' id='word_1_130' title='bbox 957 2902 1105 2983; x_wconf 86' lang='lat' dir='ltr'><strong>relinquit.</strong></span> 
     </span>
     <span class='ocr_line' id='line_1_22' title="bbox 372 3017 1078 3101; baseline 0.011 -21"><span class='ocrx_word' id='word_1_131' title='bbox 372 3019 450 3080; x_wconf 87' lang='lat' dir='ltr'><strong>Dum</strong></span> <span class='ocrx_word' id='word_1_132' title='bbox 463 3023 520 3080; x_wconf 91' lang='lat' dir='ltr'><strong>stat</strong></span> <span class='ocrx_word' id='word_1_133' title='bbox 537 3017 713 3098; x_wconf 80' lang='lat' dir='ltr'><strong>inambigua</strong></span> <span class='ocrx_word' id='word_1_134' title='bbox 728 3018 774 3080; x_wconf 90' lang='lat' dir='ltr'><strong>cni</strong></span> <span class='ocrx_word' id='word_1_135' title='bbox 788 3020 865 3100; x_wconf 89' lang='lat' dir='ltr'><strong>parti</strong></span> <span class='ocrx_word' id='word_1_136' title='bbox 879 3021 969 3101; x_wconf 84' lang='lat' dir='ltr'><strong>gloria</strong></span> <span class='ocrx_word' id='word_1_137' title='bbox 984 3024 1078 3088; x_wconf 90' lang='lat' dir='ltr'><strong>laudis</strong></span> 
     </span>
    </p>

    <p class='ocr_par' dir='ltr' id='par_1_20' title="bbox 331 3137 971 3222">
     <span class='ocr_line' id='line_1_23' title="bbox 331 3137 971 3222; baseline 0.006 -21"><span class='ocrx_word' id='word_1_138' title='bbox 331 3137 470 3214; x_wconf 84' lang='lat' dir='ltr'><strong>Cesserit,</strong></span> <span class='ocrx_word' id='word_1_139' title='bbox 486 3157 553 3200; x_wconf 91' lang='lat' dir='ltr'><strong>ecce</strong></span> <span class='ocrx_word' id='word_1_140' title='bbox 567 3137 625 3200; x_wconf 90' lang='lat' dir='ltr'><strong>ruit</strong></span> <span class='ocrx_word' id='word_1_141' title='bbox 640 3139 764 3200; x_wconf 80' lang='lat' dir='ltr'><strong>Arturus</strong></span> <span class='ocrx_word' id='word_1_142' title='bbox 778 3159 843 3202; x_wconf 83' lang='lat' dir='ltr'><strong>curn</strong></span> <span class='ocrx_word' id='word_1_143' title='bbox 857 3141 971 3222; x_wconf 80' lang='lat' dir='ltr'><strong>legione</strong></span> 
     </span>
    </p>

    <p class='ocr_par' dir='ltr' id='par_1_21' title="bbox 331 3257 1069 3335">
     <span class='ocr_line' id='line_1_24' title="bbox 331 3257 1069 3335; baseline 0.009 -14"><span class='ocrx_word' id='word_1_144' title='bbox 331 3259 425 3332; x_wconf 88' lang='lat' dir='ltr'><strong>Quam</strong></span> <span class='ocrx_word' id='word_1_145' title='bbox 440 3257 493 3321; x_wconf 89' lang='lat' dir='ltr'><strong>sibi</strong></span> <span class='ocrx_word' id='word_1_146' title='bbox 507 3264 647 3335; x_wconf 81' lang='lat' dir='ltr'><strong>servarat,</strong></span> <span class='ocrx_word' id='word_1_147' title='bbox 664 3259 731 3320; x_wconf 91' lang='lat' dir='ltr'><strong>illuc</strong></span> <span class='ocrx_word' id='word_1_148' title='bbox 746 3260 794 3322; x_wconf 89' lang='lat' dir='ltr'><strong>ubi</strong></span> <span class='ocrx_word' id='word_1_149' title='bbox 808 3265 885 3324; x_wconf 85' lang='lat' dir='ltr'><strong>stare</strong></span> <span class='ocrx_word' id='word_1_150' title='bbox 897 3263 1069 3328; x_wconf 83' lang='lat' dir='ltr'><strong>Madrcdurn</strong></span> 
     </span>
    </p>

    <p class='ocr_par' dir='ltr' id='par_1_22' title="bbox 331 3377 1105 3466">
     <span class='ocr_line' id='line_1_25' title="bbox 331 3377 1105 3466; baseline 0.006 -23"><span class='ocrx_word' id='word_1_151' title='bbox 331 3377 492 3461; x_wconf 83' lang='lat' dir='ltr'><strong>Conspicit,</strong></span> <span class='ocrx_word' id='word_1_152' title='bbox 508 3379 653 3456; x_wconf 80' lang='lat' dir='ltr'><strong>attendit,</strong></span> <span class='ocrx_word' id='word_1_153' title='bbox 669 3379 765 3459; x_wconf 80' lang='lat' dir='ltr'><strong>gladic</strong></span> <span class='ocrx_word' id='word_1_154' title='bbox 781 3381 913 3461; x_wconf 87' lang='lat' dir='ltr'><strong>duetore,</strong></span> <span class='ocrx_word' id='word_1_155' title='bbox 930 3404 983 3466; x_wconf 89' lang='lat' dir='ltr'><strong>per</strong></span> <span class='ocrx_word' id='word_1_156' title='bbox 996 3387 1105 3450; x_wconf 88' lang='lat' dir='ltr'><strong>hostes.</strong></span> 
     </span>
    </p>

    <p class='ocr_par' dir='ltr' id='par_1_23' title="bbox 331 3500 993 3583">
     <span class='ocr_line' id='line_1_26' title="bbox 331 3500 993 3583; baseline 0.011 -21"><span class='ocrx_word' id='word_1_157' title='bbox 331 3503 355 3562; x_wconf 87' lang='grc' dir='ltr'>Α</span> <span class='ocrx_word' id='word_1_158' title='bbox 370 3500 473 3563; x_wconf 84' lang='lat' dir='ltr'><strong>dextra</strong></span> <span class='ocrx_word' id='word_1_159' title='bbox 485 3501 606 3580; x_wconf 84' lang='lat' dir='ltr'><strong>levaque</strong></span> <span class='ocrx_word' id='word_1_160' title='bbox 620 3501 727 3564; x_wconf 90' lang='lat' dir='ltr'><strong>cadunt</strong></span> <span class='ocrx_word' id='word_1_161' title='bbox 740 3523 812 3583; x_wconf 92' lang='lat' dir='ltr'><strong>quos</strong></span> <span class='ocrx_word' id='word_1_162' title='bbox 827 3524 993 3569; x_wconf 88' lang='lat' dir='ltr'><strong>enumerare</strong></span> 
     </span>
    </p>

    <p class='ocr_par' dir='ltr' id='par_1_24' title="bbox 329 3619 1059 3708">
     <span class='ocr_line' id='line_1_27' title="bbox 329 3619 1059 3708; baseline 0.015 -27"><span class='ocrx_word' id='word_1_163' title='bbox 329 3619 395 3681; x_wconf 86' lang='lat' dir='ltr'><strong>Non</strong></span> <span class='ocrx_word' id='word_1_164' title='bbox 409 3619 496 3682; x_wconf 88' lang='lat' dir='ltr'><strong>estin</strong></span> <span class='ocrx_word' id='word_1_165' title='bbox 511 3626 663 3702; x_wconf 89' lang='lat' dir='ltr'><strong>promptu;</strong></span> <span class='ocrx_word' id='word_1_166' title='bbox 680 3623 757 3686; x_wconf 90' lang='lat' dir='ltr'><strong>cadit</strong></span> <span class='ocrx_word' id='word_1_167' title='bbox 770 3630 871 3688; x_wconf 89' lang='lat' dir='ltr'><strong>auctor</strong></span> <span class='ocrx_word' id='word_1_168' title='bbox 884 3627 1059 3708; x_wconf 89' lang='lat' dir='ltr'><strong>prodicionis</strong></span> 
     </span>
    </p>

    <p class='ocr_par' dir='ltr' id='par_1_25' title="bbox 330 3739 1119 3828">
     <span class='ocr_line' id='line_1_28' title="bbox 330 3739 1119 3828; baseline 0.013 -26"><span class='ocrx_word' id='word_1_169' title='bbox 330 3739 484 3820; x_wconf 81' lang='lat' dir='ltr'><strong>Causaque</strong></span> <span class='ocrx_word' id='word_1_170' title='bbox 499 3742 668 3804; x_wconf 87' lang='lat' dir='ltr'><strong>Modredus.</strong></span> <span class='ocrx_word' id='word_1_171' title='bbox 711 3745 820 3808; x_wconf 87' lang='lat' dir='ltr'><strong>Temen</strong></span> <span class='ocrx_word' id='word_1_172' title='bbox 833 3747 948 3826; x_wconf 53' lang='lat' dir='ltr'><strong>,agmina</strong></span> <span class='ocrx_word' id='word_1_173' title='bbox 962 3749 1119 3828; x_wconf 90' lang='lat' dir='ltr'><strong>prodiciosi</strong></span> 
     </span>
    </p>

    <p class='ocr_par' dir='ltr' id='par_1_26' title="bbox 330 3860 1071 3947">
     <span class='ocr_line' id='line_1_29' title="bbox 330 3860 1071 3947; baseline 0.012 -24"><span class='ocrx_word' id='word_1_174' title='bbox 330 3860 405 3923; x_wconf 89' lang='lat' dir='ltr'><strong>Cesc</strong></span> <span class='ocrx_word' id='word_1_175' title='bbox 420 3880 477 3923; x_wconf 90' lang='lat' dir='ltr'><strong>nau</strong></span> <span class='ocrx_word' id='word_1_176' title='bbox 492 3861 599 3924; x_wconf 88' lang='lat' dir='ltr'><strong>cedunt</strong></span> <span class='ocrx_word' id='word_1_177' title='bbox 612 3861 739 3942; x_wconf 86' lang='lat' dir='ltr'><strong>domino,</strong></span> <span class='ocrx_word' id='word_1_178' title='bbox 756 3865 809 3928; x_wconf 90' lang='lat' dir='ltr'><strong>sed</strong></span> <span class='ocrx_word' id='word_1_179' title='bbox 822 3867 933 3946; x_wconf 77' lang='lat' dir='ltr'><strong>fortiter</strong></span> <span class='ocrx_word' id='word_1_180' title='bbox 947 3869 1071 3947; x_wconf 90' lang='lat' dir='ltr'><strong>instaut;</strong></span> 
     </span>
    </p>

    <p class='ocr_par' dir='ltr' id='par_1_27' title="bbox 329 3981 1109 4060">
     <span class='ocr_line' id='line_1_30' title="bbox 329 3981 1109 4060; baseline 0.017 -19"><span class='ocrx_word' id='word_1_181' title='bbox 329 3981 364 4042; x_wconf 88' lang='lat' dir='ltr'><strong>Et</strong></span> <span class='ocrx_word' id='word_1_182' title='bbox 378 3985 511 4044; x_wconf 88' lang='lat' dir='ltr'><strong>sternunt</strong></span> <span class='ocrx_word' id='word_1_183' title='bbox 525 3983 669 4060; x_wconf 85' lang='lat' dir='ltr'><strong>Britones,</strong></span> <span class='ocrx_word' id='word_1_184' title='bbox 686 4005 795 4048; x_wconf 88' lang='lat' dir='ltr'><strong>nccuuu</strong></span> <span class='ocrx_word' id='word_1_185' title='bbox 810 3991 978 4052; x_wconf 90' lang='lat' dir='ltr'><strong>sternuntur</strong></span> <span class='ocrx_word' id='word_1_186' title='bbox 992 3991 1028 4052; x_wconf 92' lang='lat' dir='ltr'><strong>ab</strong></span> <span class='ocrx_word' id='word_1_187' title='bbox 1043 3991 1109 4054; x_wconf 90' lang='lat' dir='ltr'><strong>illis.</strong></span> 
     </span>
    </p>
   </div>
   <div class='ocr_carea' id='block_1_6' title="bbox 328 4101 1117 4193">
    <p class='ocr_par' dir='ltr' id='par_1_28' title="bbox 328 4101 1117 4193">
     <span class='ocr_line' id='line_1_31' title="bbox 328 4101 1117 4193; baseline 0.016 -30"><span class='ocrx_word' id='word_1_188' title='bbox 328 4101 451 4182; x_wconf 79' lang='lat' dir='ltr'><strong>Agmina</strong></span> <span class='ocrx_word' id='word_1_189' title='bbox 465 4107 568 4166; x_wconf 89' lang='lat' dir='ltr'><strong>cuncta</strong></span> <span class='ocrx_word' id='word_1_190' title='bbox 582 4105 641 4168; x_wconf 85' lang='lat' dir='ltr'><strong>lere</strong></span> <span class='ocrx_word' id='word_1_191' title='bbox 655 4112 788 4188; x_wconf 81' lang='lat' dir='ltr'><strong>pereunt,</strong></span> <span class='ocrx_word' id='word_1_192' title='bbox 803 4127 944 4189; x_wconf 83' lang='lat' dir='ltr'><strong>regesque</strong></span> <span class='ocrx_word' id='word_1_193' title='bbox 960 4111 1117 4193; x_wconf 79' lang='lat' dir='ltr'><strong>ducesque,</strong></span> 
     </span>
    </p>
   </div>
   <div class='ocr_carea' id='block_1_7' title="bbox 1308 749 1368 796">
    <p class='ocr_par' dir='ltr' id='par_1_29' title="bbox 1308 749 1368 796">
     <span class='ocr_line' id='line_1_32' title="bbox 1308 749 1368 796; baseline 0 0"><span class='ocrx_word' id='word_1_194' title='bbox 1308 749 1368 796; x_wconf 83' lang='lat' dir='ltr'><strong>llat</strong></span> 
     </span>
    </p>
   </div>
   <div class='ocr_carea' id='block_1_8' title="bbox 0 0 1618 5168">
    <p class='ocr_par' dir='ltr' id='par_1_30' title="bbox 0 0 1618 5168">
     <span class='ocr_line' id='line_1_33' title="bbox 0 0 1618 5168; baseline 0 5"><span class='ocrx_word' id='word_1_195' title='bbox 0 0 1618 5168; x_wconf 95' lang='lat' dir='ltr'><strong> </strong></span> 
     </span>
    </p>
   </div>
  </div>
 </body>
</html>
