3206 5134
593 527 695 571 LIBER
717 527 883 580 QUARTUS.

214 640 309 704 'Curio
323 637 541 719 magnanimum
555 635 643 698 mittit
655 637 784 700 Romana
797 637 936 700 Severum

222 764 255 824 lu
269 761 415 836 Britoues,
431 758 597 840 pariterque
611 757 685 820 duas
699 757 826 837 equitum
841 759 980 838 legiones,

224 882 280 954 Qui
294 885 406 964 purtem
419 877 503 958 regui
517 877 646 960 sepiant.
690 879 864 959 Fulgennius
877 880 934 942 illis

221 1006 382 1084 linguaque
395 1021 465 1084 pars
477 1019 630 1084 procerum
645 1019 699 1082 pro
713 1000 846 1064 libertate
859 1001 1015 1080 resistunt;

222 1128 258 1188 Et
271 1125 445 1206 quandoque
457 1124 560 1204 sugunt
574 1123 718 1199 Redones,
736 1123 910 1205 quandoque
923 1125 1071 1206 fugantur.

220 1248 304 1309 Nunc
316 1245 463 1328 perimunt
476 1244 590 1320 Lucios,
605 1263 683 1306 uano
696 1248 726 1305 et
739 1245 921 1325 perimuntur
933 1247 970 1308 ab
984 1247 1051 1310 illis.

222 1369 352 1430 Tandem
367 1367 426 1430 dux
440 1367 578 1447 nequiens
592 1365 764 1446 Fulgeuoias
778 1386 857 1428 arma
873 1368 972 1430 Severi

221 1492 319 1567 Ferre,
335 1489 415 1554 Cibus
428 1488 585 1568 Pictosqae
598 1487 711 1564 adiens,
727 1487 862 1570 implorat
875 1507 974 1554 eorum
1190 1515 1251 1564 1020

222 1611 380 1688 Auxilium
395 1609 473 1691 qaod
488 1615 517 1672 et
530 1609 675 1692 impetrat.
719 1609 789 1672 lude
803 1630 937 1674 reversus
950 1612 980 1675 in
993 1613 1102 1692 hostes,

222 1735 387 1796 Innumeras
402 1732 581 1808 duodecies,
598 1732 756 1813 castrisque
769 1733 871 1794 locatis

223 1853 346 1916 Obsidet
359 1854 532 1916 Eboracum.
573 1854 666 1916 Velox
679 1853 752 1936 petit
765 1855 943 1916 obsidionem

222 1975 320 2036 Turba
336 1973 535 2048 Quiriuouum.
579 1973 739 2038 Comitatus
754 1973 812 2037 dun
826 1975 976 2057 utriusque

221 2094 357 2177 Disponit
371 2115 489 2172 euneos,
505 2094 604 2158 ineunt
616 2095 772 2159 certamine
784 2101 893 2178 partes.

221 2217 324 2278 Nullus
337 2234 421 2278 arare
434 2215 501 2278 stilo
515 2220 586 2295 quel
599 2216 729 2280 reddidit
743 2234 844 2297 ugrum
857 2221 1013 2299 utrumque

222 2335 318 2398 Exicio
331 2339 442 2418 posset.
485 2337 552 2398 Dux
567 2336 673 2400 oceidit
687 2356 755 2400 ense
769 2339 905 2415 Severus,

222 2457 258 2518 Et
271 2457 355 2520 letale
369 2457 445 2538 gerit
458 2457 563 2520 vulnus
576 2457 748 2539 Fulgeucius
762 2458 792 2522 in
805 2479 848 2521 se.

222 2579 291 2642 lnde
305 2598 394 2661 super
407 2579 489 2660 regni
503 2579 539 2642 lis
553 2579 772 2662 diademateque
786 2585 865 2644 mota
878 2588 940 2658 est;

222 2701 352 2781 Namque
367 2701 441 2763 duos
452 2700 588 2783 juvenes,
598 2702 696 2784 proles
710 2705 842 2784 preclara
856 2705 967 2782 Severi,

224 2821 354 2893 Quorum
367 2822 482 2885 nomina
495 2826 563 2886 sunt
579 2845 586 2884 :
605 2825 757 2902 Besianns,
773 2830 864 2889 matre
878 2827 1028 2906 Britanna,

222 2942 257 3002 Et
271 2941 355 3020 Gela,
371 2944 500 3007 Romane
513 2943 614 3024 geniti,
629 2945 694 3026 quis
708 2951 810 3026 regnet
824 2967 923 3009 eorum

222 3063 355 3141 Certant;
372 3063 527 3128 anieuum
541 3065 685 3144 britones,
701 3067 831 3132 Romana
844 3069 957 3132 laborat

222 3185 322 3247 Turbo
337 3183 451 3261 Getam,
466 3185 520 3247 toti
532 3204 624 3266 reguo
638 3206 803 3269 proponere
816 3207 926 3268 regem.

222 3305 294 3368 Cum
309 3307 398 3369 freter
410 3307 493 3370 lustri
507 3313 671 3370 contemnat
685 3308 799 3386 cedere,
815 3328 938 3390 eumque

221 3427 270 3489 Sic
284 3427 363 3509 paris
374 3427 530 3510 impaciens
543 3429 667 3492 subeunt
681 3429 812 3492 examina
825 3431 935 3508 martis,

221 3549 391 3632 Proponunt
405 3549 509 3631 gladiis
522 3549 612 3628 Lucii,
628 3551 820 3633 Britonesque
834 3553 959 3617 omentis

221 3671 343 3734 Ensibus
358 3671 515 3753 excipiunt.
558 3672 650 3736 Laeiis
664 3674 847 3738 concluditur
860 3675 958 3751 armis,

220 3796 256 3858 Et
270 3815 323 3878 pro
338 3797 461 3859 Busiano
476 3797 590 3860 Mavors
605 3799 765 3861 sentenciat
779 3798 885 3880 ipsum,

221 3915 459 3999 contempnendo
475 3918 589 3996 Getam,
605 3939 689 4000 quem
705 3941 770 3983 eum
783 3927 867 4004 parte
881 3941 999 3990 suorum

222 4037 375 4102 Occnmbit
390 4038 463 4102 Geta
477 4041 546 4102 dux.
588 4041 703 4106 Potitus
717 4042 878 4106 diademate
891 4045 989 4110 trater.

262 4160 328 4234 Quo
342 4167 482 4243 regnante
495 4163 588 4228 viram
602 4164 697 4228 medlo
711 4165 747 4228 de
762 4168 846 4253 plebe
861 4171 999 4246 creatum,
