<?xml version="1.0" encoding="UTF-8"?>
<!DOCTYPE html PUBLIC "-//W3C//DTD XHTML 1.0 Transitional//EN"
    "http://www.w3.org/TR/xhtml1/DTD/xhtml1-transitional.dtd">
<html xmlns="http://www.w3.org/1999/xhtml" xml:lang="en" lang="en">
 <head>
  <title>
</title>
<meta http-equiv="Content-Type" content="text/html;charset=utf-8" />
  <meta name='ocr-system' content='tesseract 3.04.00' />
  <meta name='ocr-capabilities' content='ocr_page ocr_carea ocr_par ocr_line ocrx_word'/>
</head>
<body>
  <div class='ocr_page' id='page_1' title='image "./gestaregumbrita00assogoog_0039.png"; bbox 0 0 3206 5134; ppageno 0'>
   <div class='ocr_carea' id='block_1_1' title="bbox 399 489 1147 557">
    <p class='ocr_par' dir='ltr' id='par_1_1' title="bbox 399 489 1147 557">
     <span class='ocr_line' id='line_1_1' title="bbox 399 489 1147 557; baseline -0.007 0"><span class='ocrx_word' id='word_1_1' title='bbox 399 489 436 557; x_wconf 80' lang='lat' dir='ltr'><strong>ii</strong></span> <span class='ocrx_word' id='word_1_2' title='bbox 672 509 779 555; x_wconf 75' lang='lat' dir='ltr'><strong>oneri</strong></span> <span class='ocrx_word' id='word_1_3' title='bbox 800 507 915 554; x_wconf 77' lang='lat' dir='ltr'><strong>noenu</strong></span> <span class='ocrx_word' id='word_1_4' title='bbox 937 507 1147 554; x_wconf 62' lang='lat' dir='ltr'><strong>nonnionem.</strong></span> 
     </span>
    </p>
   </div>
   <div class='ocr_carea' id='block_1_2' title="bbox 390 617 1215 2983">
    <p class='ocr_par' dir='ltr' id='par_1_2' title="bbox 391 617 1215 2625">
     <span class='ocr_line' id='line_1_2' title="bbox 396 617 1210 702; baseline -0.009 -18"><span class='ocrx_word' id='word_1_5' title='bbox 396 623 431 684; x_wconf 86' lang='lat' dir='ltr'><strong>Et</strong></span> <span class='ocrx_word' id='word_1_6' title='bbox 445 625 535 684; x_wconf 79' lang='lat' dir='ltr'><strong>totum</strong></span> <span class='ocrx_word' id='word_1_7' title='bbox 550 639 658 702; x_wconf 81' lang='lat' dir='ltr'><strong>corpus</strong></span> <span class='ocrx_word' id='word_1_8' title='bbox 671 618 799 682; x_wconf 88' lang='lat' dir='ltr'><strong>medium</strong></span> <span class='ocrx_word' id='word_1_9' title='bbox 813 623 903 680; x_wconf 75' lang='lat' dir='ltr'><strong>secat.</strong></span> <span class='ocrx_word' id='word_1_10' title='bbox 947 617 1018 678; x_wconf 84' lang='lat' dir='ltr'><strong>Hine</strong></span> <span class='ocrx_word' id='word_1_11' title='bbox 1033 617 1210 698; x_wconf 80' lang='lat' dir='ltr'><strong>reliquorum</strong></span> 
     </span>
     <span class='ocr_line' id='line_1_3' title="bbox 396 735 1168 816; baseline -0.009 -11"><span class='ocrx_word' id='word_1_12' title='bbox 396 741 513 805; x_wconf 75' lang='lat' dir='ltr'><strong>Corruit</strong></span> <span class='ocrx_word' id='word_1_13' title='bbox 527 739 556 804; x_wconf 95' lang='lat' dir='ltr'><strong>in</strong></span> <span class='ocrx_word' id='word_1_14' title='bbox 570 741 694 802; x_wconf 78' lang='lat' dir='ltr'><strong>turbem.</strong></span> <span class='ocrx_word' id='word_1_15' title='bbox 739 738 826 802; x_wconf 81' lang='lat' dir='ltr'><strong>callis</strong></span> <span class='ocrx_word' id='word_1_16' title='bbox 840 737 889 816; x_wconf 89' lang='lat' dir='ltr'><strong>qoi</strong></span> <span class='ocrx_word' id='word_1_17' title='bbox 903 735 981 799; x_wconf 87' lang='lat' dir='ltr'><strong>ducit</strong></span> <span class='ocrx_word' id='word_1_18' title='bbox 995 736 1032 798; x_wconf 87' lang='lat' dir='ltr'><strong>ed</strong></span> <span class='ocrx_word' id='word_1_19' title='bbox 1047 737 1168 812; x_wconf 84' lang='lat' dir='ltr'>Orcum,</span> 
     </span>
     <span class='ocr_line' id='line_1_4' title="bbox 395 856 1136 936; baseline -0.005 -14"><span class='ocrx_word' id='word_1_20' title='bbox 395 860 532 933; x_wconf 83' lang='lat' dir='ltr'><strong>Quemvis</strong></span> <span class='ocrx_word' id='word_1_21' title='bbox 547 860 585 922; x_wconf 82' lang='lat' dir='ltr'><strong>sit</strong></span> <span class='ocrx_word' id='word_1_22' title='bbox 598 861 683 936; x_wconf 76' lang='lat' dir='ltr'><strong>lotus,</strong></span> <span class='ocrx_word' id='word_1_23' title='bbox 700 858 818 921; x_wconf 78' lang='lat' dir='ltr'><strong>strictus</strong></span> <span class='ocrx_word' id='word_1_24' title='bbox 832 861 927 919; x_wconf 85' lang='lat' dir='ltr'><strong>iemen</strong></span> <span class='ocrx_word' id='word_1_25' title='bbox 942 875 1006 918; x_wconf 79' lang='lat' dir='ltr'><strong>esse</strong></span> <span class='ocrx_word' id='word_1_26' title='bbox 1020 856 1136 918; x_wconf 76' lang='lat' dir='ltr'><strong>videtur</strong></span> 
     </span>
     <span class='ocr_line' id='line_1_5' title="bbox 393 976 1153 1060; baseline -0.008 -18"><span class='ocrx_word' id='word_1_27' title='bbox 393 979 454 1042; x_wconf 83' lang='lat' dir='ltr'><strong>iliis</strong></span> <span class='ocrx_word' id='word_1_28' title='bbox 468 999 541 1060; x_wconf 80' lang='lat' dir='ltr'><strong>quos</strong></span> <span class='ocrx_word' id='word_1_29' title='bbox 556 979 664 1042; x_wconf 80' lang='lat' dir='ltr'><strong>oceidit</strong></span> <span class='ocrx_word' id='word_1_30' title='bbox 677 977 834 1054; x_wconf 81' lang='lat' dir='ltr'><strong>Corinens3</strong></span> <span class='ocrx_word' id='word_1_31' title='bbox 852 976 902 1057; x_wconf 84' lang='lat' dir='ltr'><strong>qni</strong></span> <span class='ocrx_word' id='word_1_32' title='bbox 917 977 997 1038; x_wconf 81' lang='lat' dir='ltr'><strong>nolus</strong></span> <span class='ocrx_word' id='word_1_33' title='bbox 1011 976 1039 1037; x_wconf 92' lang='lat' dir='ltr'><strong>in</strong></span> <span class='ocrx_word' id='word_1_34' title='bbox 1053 993 1153 1038; x_wconf 86' lang='lat' dir='ltr'><strong>omnes</strong></span> 
     </span>
     <span class='ocr_line' id='line_1_6' title="bbox 393 1097 1097 1178; baseline -0.007 -14"><span class='ocrx_word' id='word_1_35' title='bbox 393 1101 500 1178; x_wconf 75' lang='lat' dir='ltr'><strong>Curtii,</strong></span> <span class='ocrx_word' id='word_1_36' title='bbox 517 1107 546 1164; x_wconf 81' lang='lat' dir='ltr'><strong>et</strong></span> <span class='ocrx_word' id='word_1_37' title='bbox 559 1101 680 1164; x_wconf 81' lang='lat' dir='ltr'>incurrit</span> <span class='ocrx_word' id='word_1_38' title='bbox 693 1099 835 1163; x_wconf 80' lang='lat' dir='ltr'><strong>exereitus</strong></span> <span class='ocrx_word' id='word_1_39' title='bbox 849 1099 940 1160; x_wconf 84' lang='lat' dir='ltr'><strong>omnis</strong></span> <span class='ocrx_word' id='word_1_40' title='bbox 955 1097 984 1160; x_wconf 89' lang='lat' dir='ltr'><strong>in</strong></span> <span class='ocrx_word' id='word_1_41' title='bbox 998 1117 1097 1160; x_wconf 87' lang='lat' dir='ltr'><strong>onum.</strong></span> 
     </span>
     <span class='ocr_line' id='line_1_7' title="bbox 394 1217 1120 1302; baseline -0.007 -18"><span class='ocrx_word' id='word_1_42' title='bbox 394 1223 500 1286; x_wconf 75' lang='lat' dir='ltr'><strong>Brutus</strong></span> <span class='ocrx_word' id='word_1_43' title='bbox 514 1227 547 1284; x_wconf 78' lang='lat' dir='ltr'><strong>ui</strong></span> <span class='ocrx_word' id='word_1_44' title='bbox 560 1223 613 1284; x_wconf 87' lang='lat' dir='ltr'><strong>hec</strong></span> <span class='ocrx_word' id='word_1_45' title='bbox 627 1219 719 1297; x_wconf 77' lang='lat' dir='ltr'><strong>audit,</strong></span> <span class='ocrx_word' id='word_1_46' title='bbox 736 1225 847 1302; x_wconf 61' lang='lat' dir='ltr'><strong>putem</strong></span> <span class='ocrx_word' id='word_1_47' title='bbox 861 1217 978 1280; x_wconf 75' lang='lat' dir='ltr'><strong>festinat</strong></span> <span class='ocrx_word' id='word_1_48' title='bbox 991 1219 1019 1280; x_wconf 89' lang='lat' dir='ltr'><strong>in</strong></span> <span class='ocrx_word' id='word_1_49' title='bbox 1034 1219 1120 1280; x_wconf 87' lang='lat' dir='ltr'><strong>illem.</strong></span> 
     </span>
     <span class='ocr_line' id='line_1_8' title="bbox 393 1339 1196 1422; baseline -0.006 -18"><span class='ocrx_word' id='word_1_50' title='bbox 393 1343 475 1406; x_wconf 81' lang='lat' dir='ltr'><strong>Tune</strong></span> <span class='ocrx_word' id='word_1_51' title='bbox 489 1341 590 1422; x_wconf 80' lang='lat' dir='ltr'><strong>ingens</strong></span> <span class='ocrx_word' id='word_1_52' title='bbox 604 1342 697 1403; x_wconf 88' lang='lat' dir='ltr'><strong>oritur</strong></span> <span class='ocrx_word' id='word_1_53' title='bbox 710 1341 832 1415; x_wconf 61' lang='lat' dir='ltr'><strong>clemen</strong></span> <span class='ocrx_word' id='word_1_54' title='bbox 848 1345 917 1402; x_wconf 79' lang='lat' dir='ltr'><strong>tune</strong></span> <span class='ocrx_word' id='word_1_55' title='bbox 930 1357 1053 1418; x_wconf 79' lang='lat' dir='ltr'><strong>magnos</strong></span> <span class='ocrx_word' id='word_1_56' title='bbox 1066 1339 1104 1400; x_wconf 87' lang='lat' dir='ltr'><strong>nd</strong></span> <span class='ocrx_word' id='word_1_57' title='bbox 1118 1343 1196 1400; x_wconf 77' lang='lat' dir='ltr'><strong>astro</strong></span> 
     </span>
     <span class='ocr_line' id='line_1_9' title="bbox 394 1459 1148 1544; baseline -0.003 -20"><span class='ocrx_word' id='word_1_58' title='bbox 394 1463 418 1524; x_wconf 81' lang='lat' dir='ltr'><strong>{t</strong></span> <span class='ocrx_word' id='word_1_59' title='bbox 430 1463 528 1544; x_wconf 79' lang='lat' dir='ltr'><strong>irogor</strong></span> <span class='ocrx_word' id='word_1_60' title='bbox 542 1481 702 1538; x_wconf 67' lang='lat' dir='ltr'><strong>nemorum</strong></span> <span class='ocrx_word' id='word_1_61' title='bbox 719 1467 789 1524; x_wconf 77' lang='lat' dir='ltr'><strong>tunc</strong></span> <span class='ocrx_word' id='word_1_62' title='bbox 802 1459 912 1524; x_wconf 81' lang='lat' dir='ltr'><strong>indicet</strong></span> <span class='ocrx_word' id='word_1_63' title='bbox 926 1467 1047 1540; x_wconf 82' lang='lat' dir='ltr'><strong>utreque</strong></span> <span class='ocrx_word' id='word_1_64' title='bbox 1062 1461 1148 1522; x_wconf 76' lang='lat' dir='ltr'><strong>turbo</strong></span> 
     </span>
     <span class='ocr_line' id='line_1_10' title="bbox 393 1581 1106 1662; baseline -0.001 -17"><span class='ocrx_word' id='word_1_65' title='bbox 393 1583 472 1654; x_wconf 90' lang='lat' dir='ltr'><strong>Quid</strong></span> <span class='ocrx_word' id='word_1_66' title='bbox 486 1587 586 1662; x_wconf 78' lang='lat' dir='ltr'><strong>queni3</strong></span> <span class='ocrx_word' id='word_1_67' title='bbox 603 1584 661 1646; x_wconf 72' lang='lat' dir='ltr'><strong>elin</strong></span> <span class='ocrx_word' id='word_1_68' title='bbox 674 1583 732 1645; x_wconf 80' lang='lat' dir='ltr'><strong>ruit</strong></span> <span class='ocrx_word' id='word_1_69' title='bbox 746 1582 843 1644; x_wconf 81' lang='lat' dir='ltr'><strong>diffusi</strong></span> <span class='ocrx_word' id='word_1_70' title='bbox 857 1581 1004 1662; x_wconf 80' lang='lat' dir='ltr'><strong>sangoinis</strong></span> <span class='ocrx_word' id='word_1_71' title='bbox 1019 1581 1106 1644; x_wconf 86' lang='lat' dir='ltr'><strong>unde.</strong></span> 
     </span>
     <span class='ocr_line' id='line_1_11' title="bbox 392 1703 940 1785; baseline -0.004 -19"><span class='ocrx_word' id='word_1_72' title='bbox 392 1703 545 1782; x_wconf 80' lang='lat' dir='ltr'><strong>ignoretur</strong></span> <span class='ocrx_word' id='word_1_73' title='bbox 558 1703 604 1766; x_wconf 87' lang='lat' dir='ltr'><strong>oui</strong></span> <span class='ocrx_word' id='word_1_74' title='bbox 618 1703 691 1785; x_wconf 77' lang='lat' dir='ltr'><strong>perti</strong></span> <span class='ocrx_word' id='word_1_75' title='bbox 707 1703 827 1766; x_wconf 75' lang='lat' dir='ltr'><strong>victorie</strong></span> <span class='ocrx_word' id='word_1_76' title='bbox 841 1704 940 1778; x_wconf 49' lang='lat' dir='ltr'><strong>cedato</strong></span> 
     </span>
     <span class='ocr_line' id='line_1_12' title="bbox 391 1823 1119 1904; baseline -0.001 -19"><span class='ocrx_word' id='word_1_77' title='bbox 391 1823 451 1885; x_wconf 89' lang='lat' dir='ltr'><strong>Sed</strong></span> <span class='ocrx_word' id='word_1_78' title='bbox 463 1825 579 1886; x_wconf 78' lang='lat' dir='ltr'><strong>tendem</strong></span> <span class='ocrx_word' id='word_1_79' title='bbox 593 1843 646 1886; x_wconf 81' lang='lat' dir='ltr'><strong>sun</strong></span> <span class='ocrx_word' id='word_1_80' title='bbox 659 1829 742 1903; x_wconf 78' lang='lat' dir='ltr'><strong>terge</strong></span> <span class='ocrx_word' id='word_1_81' title='bbox 754 1825 822 1902; x_wconf 84' lang='lat' dir='ltr'><strong>iuge</strong></span> <span class='ocrx_word' id='word_1_82' title='bbox 838 1825 961 1904; x_wconf 79' lang='lat' dir='ltr'>prebent</span> <span class='ocrx_word' id='word_1_83' title='bbox 975 1824 1119 1904; x_wconf 75' lang='lat' dir='ltr'><strong>Aquitani.</strong></span> 
     </span>
     <span class='ocr_line' id='line_1_13' title="bbox 392 1942 1086 2026; baseline 0.001 -22"><span class='ocrx_word' id='word_1_84' title='bbox 392 1943 452 2004; x_wconf 81' lang='lat' dir='ltr'><strong>Rex</strong></span> <span class='ocrx_word' id='word_1_85' title='bbox 466 1942 512 2006; x_wconf 80' lang='lat' dir='ltr'><strong>vix</strong></span> <span class='ocrx_word' id='word_1_86' title='bbox 526 1943 651 2006; x_wconf 75' lang='lat' dir='ltr'><strong>evadens</strong></span> <span class='ocrx_word' id='word_1_87' title='bbox 666 1944 776 2020; x_wconf 82' lang='lat' dir='ltr'><strong>eedem,</strong></span> <span class='ocrx_word' id='word_1_88' title='bbox 793 1963 857 2006; x_wconf 87' lang='lat' dir='ltr'><strong>oum</strong></span> <span class='ocrx_word' id='word_1_89' title='bbox 872 1949 955 2026; x_wconf 82' lang='lat' dir='ltr'><strong>perio</strong></span> <span class='ocrx_word' id='word_1_90' title='bbox 970 1963 1086 2006; x_wconf 87' lang='lat' dir='ltr'><strong>suornm</strong></span> 
     </span>
     <span class='ocr_line' id='line_1_14' title="bbox 393 2061 1064 2144; baseline 0.003 -20"><span class='ocrx_word' id='word_1_91' title='bbox 393 2061 501 2124; x_wconf 83' lang='lat' dir='ltr'><strong>Gallice</strong></span> <span class='ocrx_word' id='word_1_92' title='bbox 515 2081 605 2142; x_wconf 83' lang='lat' dir='ltr'><strong>regne</strong></span> <span class='ocrx_word' id='word_1_93' title='bbox 618 2063 701 2144; x_wconf 82' lang='lat' dir='ltr'><strong>petii,</strong></span> <span class='ocrx_word' id='word_1_94' title='bbox 718 2067 751 2124; x_wconf 78' lang='lat' dir='ltr'><strong>ut</strong></span> <span class='ocrx_word' id='word_1_95' title='bbox 764 2063 803 2124; x_wconf 92' lang='lat' dir='ltr'><strong>ibi</strong></span> <span class='ocrx_word' id='word_1_96' title='bbox 818 2069 901 2126; x_wconf 81' lang='lat' dir='ltr'><strong>notos</strong></span> <span class='ocrx_word' id='word_1_97' title='bbox 915 2069 944 2126; x_wconf 78' lang='lat' dir='ltr'><strong>et</strong></span> <span class='ocrx_word' id='word_1_98' title='bbox 958 2065 1064 2126; x_wconf 81' lang='lat' dir='ltr'><strong>amieos</strong></span> 
     </span>
     <span class='ocr_line' id='line_1_15' title="bbox 392 2182 1148 2265; baseline 0.007 -23"><span class='ocrx_word' id='word_1_99' title='bbox 392 2182 520 2244; x_wconf 78' lang='lat' dir='ltr'><strong>postulet</strong></span> <span class='ocrx_word' id='word_1_100' title='bbox 533 2183 679 2244; x_wconf 79' lang='lat' dir='ltr'><strong>auxilinm.</strong></span> <span class='ocrx_word' id='word_1_101' title='bbox 722 2184 772 2244; x_wconf 89' lang='lat' dir='ltr'><strong>Bis</strong></span> <span class='ocrx_word' id='word_1_102' title='bbox 785 2203 835 2245; x_wconf 87' lang='lat' dir='ltr'><strong>sex</strong></span> <span class='ocrx_word' id='word_1_103' title='bbox 850 2189 920 2246; x_wconf 85' lang='lat' dir='ltr'><strong>tuno</strong></span> <span class='ocrx_word' id='word_1_104' title='bbox 934 2186 1073 2265; x_wconf 81' lang='lat' dir='ltr'><strong>temporis</strong></span> <span class='ocrx_word' id='word_1_105' title='bbox 1088 2185 1148 2247; x_wconf 87' lang='lat' dir='ltr'><strong>illio</strong></span> 
     </span>
     <span class='ocr_line' id='line_1_16' title="bbox 391 2301 1167 2384; baseline 0 -20"><span class='ocrx_word' id='word_1_106' title='bbox 391 2301 561 2382; x_wconf 79' lang='lat' dir='ltr'><strong>Regnobeni</strong></span> <span class='ocrx_word' id='word_1_107' title='bbox 574 2322 670 2384; x_wconf 79' lang='lat' dir='ltr'><strong>reges,</strong></span> <span class='ocrx_word' id='word_1_108' title='bbox 687 2303 749 2366; x_wconf 88' lang='lat' dir='ltr'><strong>sine</strong></span> <span class='ocrx_word' id='word_1_109' title='bbox 763 2322 908 2366; x_wconf 81' lang='lat' dir='ltr'><strong>murmure</strong></span> <span class='ocrx_word' id='word_1_110' title='bbox 921 2323 1011 2384; x_wconf 79' lang='lat' dir='ltr'><strong>regno</strong></span> <span class='ocrx_word' id='word_1_111' title='bbox 1023 2311 1167 2384; x_wconf 78' lang='lat' dir='ltr'><strong>regentes,</strong></span> 
     </span>
     <span class='ocr_line' id='line_1_17' title="bbox 392 2422 1215 2504; baseline 0 -20"><span class='ocrx_word' id='word_1_112' title='bbox 392 2422 522 2504; x_wconf 85' lang='lat' dir='ltr'>Quisque</span> <span class='ocrx_word' id='word_1_113' title='bbox 536 2441 620 2486; x_wconf 87' lang='lat' dir='ltr'><strong>soom</strong></span> <span class='ocrx_word' id='word_1_114' title='bbox 637 2444 644 2484; x_wconf 74' lang='grc' dir='ltr'>ε</span> <span class='ocrx_word' id='word_1_115' title='bbox 661 2442 758 2504; x_wconf 81' lang='lat' dir='ltr'><strong>regem</strong></span> <span class='ocrx_word' id='word_1_116' title='bbox 773 2443 857 2504; x_wconf 81' lang='lat' dir='ltr'><strong>reges</strong></span> <span class='ocrx_word' id='word_1_117' title='bbox 871 2429 1055 2502; x_wconf 81' lang='lat' dir='ltr'><strong>venerentur,</strong></span> <span class='ocrx_word' id='word_1_118' title='bbox 1072 2429 1101 2486; x_wconf 84' lang='lat' dir='ltr'><strong>et</strong></span> <span class='ocrx_word' id='word_1_119' title='bbox 1116 2443 1215 2486; x_wconf 86' lang='lat' dir='ltr'><strong>omnes</strong></span> 
     </span>
     <span class='ocr_line' id='line_1_18' title="bbox 391 2542 1035 2625; baseline 0.003 -22"><span class='ocrx_word' id='word_1_120' title='bbox 391 2542 461 2625; x_wconf 83' lang='lat' dir='ltr'><strong>Ejus</strong></span> <span class='ocrx_word' id='word_1_121' title='bbox 475 2544 504 2604; x_wconf 91' lang='lat' dir='ltr'><strong>in</strong></span> <span class='ocrx_word' id='word_1_122' title='bbox 518 2543 652 2606; x_wconf 76' lang='lat' dir='ltr'><strong>auxilium</strong></span> <span class='ocrx_word' id='word_1_123' title='bbox 668 2543 771 2606; x_wconf 80' lang='lat' dir='ltr'><strong>devote</strong></span> <span class='ocrx_word' id='word_1_124' title='bbox 785 2549 879 2607; x_wconf 78' lang='lat' dir='ltr'><strong>menie</strong></span> <span class='ocrx_word' id='word_1_125' title='bbox 894 2545 1035 2606; x_wconf 82' lang='lat' dir='ltr'><strong>seronior.</strong></span> 
     </span>
    </p>

    <p class='ocr_par' dir='ltr' id='par_1_3' title="bbox 390 2663 1140 2983">
     <span class='ocr_line' id='line_1_19' title="bbox 431 2663 1140 2745; baseline 0 -19"><span class='ocrx_word' id='word_1_126' title='bbox 431 2665 469 2726; x_wconf 80' lang='lat' dir='ltr'><strong>Ae</strong></span> <span class='ocrx_word' id='word_1_127' title='bbox 481 2663 588 2727; x_wconf 78' lang='lat' dir='ltr'><strong>Brutus</strong></span> <span class='ocrx_word' id='word_1_128' title='bbox 603 2665 698 2726; x_wconf 80' lang='lat' dir='ltr'><strong>socios</strong></span> <span class='ocrx_word' id='word_1_129' title='bbox 712 2663 810 2744; x_wconf 90' lang='lat' dir='ltr'><strong>spoliis</strong></span> <span class='ocrx_word' id='word_1_130' title='bbox 825 2663 969 2724; x_wconf 79' lang='lat' dir='ltr'><strong>condonat</strong></span> <span class='ocrx_word' id='word_1_131' title='bbox 983 2663 1140 2745; x_wconf 78' lang='lat' dir='ltr'><strong>ademptis3</strong></span> 
     </span>
     <span class='ocr_line' id='line_1_20' title="bbox 391 2781 1063 2862; baseline 0.001 -19"><span class='ocrx_word' id='word_1_132' title='bbox 391 2781 461 2844; x_wconf 86' lang='lat' dir='ltr'><strong>inde</strong></span> <span class='ocrx_word' id='word_1_133' title='bbox 475 2783 532 2844; x_wconf 82' lang='lat' dir='ltr'><strong>ciio</strong></span> <span class='ocrx_word' id='word_1_134' title='bbox 547 2803 634 2846; x_wconf 86' lang='lat' dir='ltr'><strong>eursu</strong></span> <span class='ocrx_word' id='word_1_135' title='bbox 647 2782 795 2862; x_wconf 82' lang='lat' dir='ltr'><strong>regionem</strong></span> <span class='ocrx_word' id='word_1_136' title='bbox 811 2788 904 2844; x_wconf 77' lang='lat' dir='ltr'><strong>vestet</strong></span> <span class='ocrx_word' id='word_1_137' title='bbox 918 2781 1063 2858; x_wconf 63' lang='lat' dir='ltr'><strong>eemdenn</strong></span> 
     </span>
     <span class='ocr_line' id='line_1_21' title="bbox 390 2901 1099 2983; baseline -0.001 -20"><span class='ocrx_word' id='word_1_138' title='bbox 390 2901 593 2983; x_wconf 85' lang='lat' dir='ltr'><strong>Depopnlotnr</strong></span> <span class='ocrx_word' id='word_1_139' title='bbox 606 2921 705 2982; x_wconf 78' lang='lat' dir='ltr'><strong>egros,</strong></span> <span class='ocrx_word' id='word_1_140' title='bbox 722 2901 804 2963; x_wconf 82' lang='lat' dir='ltr'><strong>villas</strong></span> <span class='ocrx_word' id='word_1_141' title='bbox 819 2901 946 2962; x_wconf 80' lang='lat' dir='ltr'><strong>incendit</strong></span> <span class='ocrx_word' id='word_1_142' title='bbox 959 2907 988 2963; x_wconf 82' lang='lat' dir='ltr'><strong>et</strong></span> <span class='ocrx_word' id='word_1_143' title='bbox 1002 2903 1099 2964; x_wconf 82' lang='lat' dir='ltr'><strong>orbes,</strong></span> 
     </span>
    </p>
   </div>
   <div class='ocr_carea' id='block_1_3' title="bbox 388 3005 1235 3103">
    <p class='ocr_par' dir='ltr' id='par_1_4' title="bbox 388 3005 1235 3103">
     <span class='ocr_line' id='line_1_22' title="bbox 388 3005 1235 3103; baseline 0 -19"><span class='ocrx_word' id='word_1_144' title='bbox 388 3023 474 3085; x_wconf 81' lang='lat' dir='ltr'><strong>Plebs</strong></span> <span class='ocrx_word' id='word_1_145' title='bbox 489 3042 554 3084; x_wconf 86' lang='lat' dir='ltr'><strong>oum</strong></span> <span class='ocrx_word' id='word_1_146' title='bbox 569 3023 629 3084; x_wconf 84' lang='lat' dir='ltr'><strong>cive</strong></span> <span class='ocrx_word' id='word_1_147' title='bbox 644 3023 731 3099; x_wconf 76' lang='lat' dir='ltr'><strong>cedit,</strong></span> <span class='ocrx_word' id='word_1_148' title='bbox 748 3023 824 3103; x_wconf 84' lang='lat' dir='ltr'><strong>perit</strong></span> <span class='ocrx_word' id='word_1_149' title='bbox 838 3022 930 3083; x_wconf 88' lang='lat' dir='ltr'><strong>omnis</strong></span> <span class='ocrx_word' id='word_1_150' title='bbox 944 3043 1029 3084; x_wconf 89' lang='lat' dir='ltr'><strong>sexus</strong></span> <span class='ocrx_word' id='word_1_151' title='bbox 1045 3029 1074 3084; x_wconf 82' lang='lat' dir='ltr'><strong>ei</strong></span> <span class='ocrx_word' id='word_1_152' title='bbox 1088 3027 1148 3084; x_wconf 78' lang='lat' dir='ltr'><strong>etos</strong></span> <span class='ocrx_word' id='word_1_153' title='bbox 1227 3005 1235 3020; x_wconf 64' lang='grc'><strong>’</strong></span> 
     </span>
    </p>
   </div>
   <div class='ocr_carea' id='block_1_4' title="bbox 386 3143 1190 4186">
    <p class='ocr_par' dir='ltr' id='par_1_5' title="bbox 386 3143 1183 3583">
     <span class='ocr_line' id='line_1_23' title="bbox 386 3143 1183 3224; baseline 0.003 -21"><span class='ocrx_word' id='word_1_154' title='bbox 386 3143 421 3204; x_wconf 82' lang='lat' dir='ltr'><strong>Et</strong></span> <span class='ocrx_word' id='word_1_155' title='bbox 434 3161 526 3223; x_wconf 80' lang='lat' dir='ltr'><strong>genus</strong></span> <span class='ocrx_word' id='word_1_156' title='bbox 540 3147 570 3204; x_wconf 80' lang='lat' dir='ltr'><strong>ei</strong></span> <span class='ocrx_word' id='word_1_157' title='bbox 584 3143 706 3224; x_wconf 85' lang='lat' dir='ltr'><strong>species,</strong></span> <span class='ocrx_word' id='word_1_158' title='bbox 722 3147 820 3224; x_wconf 81' lang='lat' dir='ltr'><strong>preter</strong></span> <span class='ocrx_word' id='word_1_159' title='bbox 835 3143 1022 3222; x_wconf 84' lang='lat' dir='ltr'><strong>volucresque</strong></span> <span class='ocrx_word' id='word_1_160' title='bbox 1036 3145 1183 3223; x_wconf 85' lang='lat' dir='ltr'><strong>seresqno;</strong></span> 
     </span>
     <span class='ocr_line' id='line_1_24' title="bbox 388 3262 1077 3342; baseline 0 -19"><span class='ocrx_word' id='word_1_161' title='bbox 388 3263 424 3323; x_wconf 79' lang='lat' dir='ltr'><strong>Et</strong></span> <span class='ocrx_word' id='word_1_162' title='bbox 438 3263 463 3324; x_wconf 87' lang='lat' dir='ltr'><strong>si</strong></span> <span class='ocrx_word' id='word_1_163' title='bbox 477 3281 561 3342; x_wconf 85' lang='lat' dir='ltr'><strong>quom</strong></span> <span class='ocrx_word' id='word_1_164' title='bbox 576 3262 631 3324; x_wconf 83' lang='lat' dir='ltr'><strong>sibi</strong></span> <span class='ocrx_word' id='word_1_165' title='bbox 645 3262 700 3324; x_wconf 80' lang='lat' dir='ltr'><strong>vim</strong></span> <span class='ocrx_word' id='word_1_166' title='bbox 714 3267 807 3324; x_wconf 83' lang='lat' dir='ltr'><strong>meter</strong></span> <span class='ocrx_word' id='word_1_167' title='bbox 821 3267 925 3324; x_wconf 81' lang='lat' dir='ltr'><strong>nature</strong></span> <span class='ocrx_word' id='word_1_168' title='bbox 938 3269 1077 3337; x_wconf 82' lang='lat' dir='ltr'><strong>reservet,</strong></span> 
     </span>
     <span class='ocr_line' id='line_1_25' title="bbox 388 3381 1035 3462; baseline -0.002 -18"><span class='ocrx_word' id='word_1_169' title='bbox 388 3382 494 3444; x_wconf 84' lang='lat' dir='ltr'><strong>&#39;i&#39;ooius</strong></span> <span class='ocrx_word' id='word_1_170' title='bbox 509 3381 592 3462; x_wconf 79' lang='lat' dir='ltr'><strong>regni</strong></span> <span class='ocrx_word' id='word_1_171' title='bbox 606 3381 714 3444; x_wconf 83' lang='lat' dir='ltr'><strong>forrum</strong></span> <span class='ocrx_word' id='word_1_172' title='bbox 728 3381 893 3443; x_wconf 83' lang='lat' dir='ltr'><strong>dominetur</strong></span> <span class='ocrx_word' id='word_1_173' title='bbox 906 3388 936 3443; x_wconf 77' lang='lat' dir='ltr'><strong>oi</strong></span> <span class='ocrx_word' id='word_1_174' title='bbox 950 3383 1035 3462; x_wconf 73' lang='lat' dir='ltr'><strong>ignie</strong></span> 
     </span>
     <span class='ocr_line' id='line_1_26' title="bbox 388 3489 1069 3583; baseline 0 -20"><span class='ocrx_word' id='word_1_175' title='bbox 388 3501 569 3564; x_wconf 71' lang='lat' dir='ltr'><strong>effodiuntur</strong></span> <span class='ocrx_word' id='word_1_176' title='bbox 583 3521 669 3583; x_wconf 89' lang='lat' dir='ltr'><strong>opes;</strong></span> <span class='ocrx_word' id='word_1_177' title='bbox 686 3489 828 3578; x_wconf 71' lang='lat' dir='ltr'><strong>enimelie,</strong></span> <span class='ocrx_word' id='word_1_178' title='bbox 846 3503 923 3564; x_wconf 83' lang='lat' dir='ltr'><strong>ferra</strong></span> <span class='ocrx_word' id='word_1_179' title='bbox 936 3504 1069 3564; x_wconf 77' lang='lat' dir='ltr'><strong>feruntur</strong></span> 
     </span>
    </p>

    <p class='ocr_par' dir='ltr' id='par_1_6' title="bbox 389 3621 1113 3702">
     <span class='ocr_line' id='line_1_27' title="bbox 389 3621 1113 3702; baseline -0.001 -17"><span class='ocrx_word' id='word_1_180' title='bbox 389 3621 433 3686; x_wconf 76' lang='lat' dir='ltr'><strong>Ad</strong></span> <span class='ocrx_word' id='word_1_181' title='bbox 447 3641 545 3684; x_wconf 83' lang='lat' dir='ltr'><strong>noves.</strong></span> <span class='ocrx_word' id='word_1_182' title='bbox 589 3621 696 3683; x_wconf 81' lang='lat' dir='ltr'><strong>Brutus</strong></span> <span class='ocrx_word' id='word_1_183' title='bbox 711 3621 844 3702; x_wconf 75' lang='lat' dir='ltr'><strong>posthoc</strong></span> <span class='ocrx_word' id='word_1_184' title='bbox 858 3621 1000 3697; x_wconf 87' lang='lat' dir='ltr'><strong>incendio,</strong></span> <span class='ocrx_word' id='word_1_185' title='bbox 1017 3629 1113 3684; x_wconf 75' lang='lat' dir='ltr'><strong>cestre</strong></span> 
     </span>
    </p>

    <p class='ocr_par' dir='ltr' id='par_1_7' title="bbox 388 3741 972 3804">
     <span class='ocr_line' id='line_1_28' title="bbox 388 3741 972 3804; baseline 0 -2"><span class='ocrx_word' id='word_1_186' title='bbox 388 3741 439 3804; x_wconf 82' lang='lat' dir='ltr'><strong>Est</strong></span> <span class='ocrx_word' id='word_1_187' title='bbox 452 3761 505 3803; x_wconf 84' lang='lat' dir='ltr'><strong>sua</strong></span> <span class='ocrx_word' id='word_1_188' title='bbox 518 3745 642 3804; x_wconf 76' lang='lat' dir='ltr'><strong>motetus</strong></span> <span class='ocrx_word' id='word_1_189' title='bbox 656 3741 712 3802; x_wconf 87' lang='lat' dir='ltr'><strong>illic</strong></span> <span class='ocrx_word' id='word_1_190' title='bbox 726 3741 774 3802; x_wconf 89' lang='lat' dir='ltr'><strong>ubi</strong></span> <span class='ocrx_word' id='word_1_191' title='bbox 789 3741 894 3802; x_wconf 77' lang='lat' dir='ltr'><strong>dicitur</strong></span> <span class='ocrx_word' id='word_1_192' title='bbox 909 3763 972 3802; x_wconf 85' lang='lat' dir='ltr'><strong>esse</strong></span> 
     </span>
    </p>

    <p class='ocr_par' dir='ltr' id='par_1_8' title="bbox 388 3862 1063 3938">
     <span class='ocr_line' id='line_1_29' title="bbox 388 3862 1063 3938; baseline -0.001 -13"><span class='ocrx_word' id='word_1_193' title='bbox 388 3863 497 3924; x_wconf 86' lang='lat' dir='ltr'><strong>Nobilis</strong></span> <span class='ocrx_word' id='word_1_194' title='bbox 513 3863 581 3923; x_wconf 82' lang='lat' dir='ltr'>urbs</span> <span class='ocrx_word' id='word_1_195' title='bbox 595 3862 736 3936; x_wconf 80' lang='lat' dir='ltr'><strong>Turonis3</strong></span> <span class='ocrx_word' id='word_1_196' title='bbox 754 3863 869 3924; x_wconf 80' lang='lat' dir='ltr'><strong>fossatis</strong></span> <span class='ocrx_word' id='word_1_197' title='bbox 884 3863 987 3925; x_wconf 76' lang='lat' dir='ltr'><strong>circuit</strong></span> <span class='ocrx_word' id='word_1_198' title='bbox 1001 3863 1063 3938; x_wconf 80' lang='lat' dir='ltr'><strong>iilo3</strong></span> 
     </span>
    </p>

    <p class='ocr_par' dir='ltr' id='par_1_9' title="bbox 389 3981 1190 4186">
     <span class='ocr_line' id='line_1_30' title="bbox 389 3981 1055 4064; baseline 0 -20"><span class='ocrx_word' id='word_1_199' title='bbox 389 3983 423 4044; x_wconf 84' lang='lat' dir='ltr'><strong>Et</strong></span> <span class='ocrx_word' id='word_1_200' title='bbox 437 3983 490 4046; x_wconf 81' lang='lat' dir='ltr'><strong>nisi</strong></span> <span class='ocrx_word' id='word_1_201' title='bbox 506 3981 626 4045; x_wconf 83' lang='lat' dir='ltr'><strong>Gofforii</strong></span> <span class='ocrx_word' id='word_1_202' title='bbox 640 4001 798 4061; x_wconf 82' lang='lat' dir='ltr'><strong>regumque</strong></span> <span class='ocrx_word' id='word_1_203' title='bbox 812 3984 947 4046; x_wconf 81' lang='lat' dir='ltr'><strong>resistere</strong></span> <span class='ocrx_word' id='word_1_204' title='bbox 961 3987 1055 4064; x_wconf 78' lang='lat' dir='ltr'><strong>possit</strong></span> 
     </span>
     <span class='ocr_line' id='line_1_31' title="bbox 390 4103 1190 4186; baseline 0.001 -19"><span class='ocrx_word' id='word_1_205' title='bbox 390 4103 524 4186; x_wconf 76' lang='lat' dir='ltr'><strong>impetui,</strong></span> <span class='ocrx_word' id='word_1_206' title='bbox 541 4121 690 4182; x_wconf 84' lang='lat' dir='ltr'><strong>quoscum</strong></span> <span class='ocrx_word' id='word_1_207' title='bbox 705 4103 829 4164; x_wconf 84' lang='lat' dir='ltr'><strong>Turonis</strong></span> <span class='ocrx_word' id='word_1_208' title='bbox 844 4122 936 4184; x_wconf 82' lang='lat' dir='ltr'><strong>prope</strong></span> <span class='ocrx_word' id='word_1_209' title='bbox 950 4106 1190 4183; x_wconf 60' lang='lat' dir='ltr'><strong>constantiense,</strong></span> 
     </span>
    </p>
   </div>
   <div class='ocr_carea' id='block_1_5' title="bbox 0 0 1608 5134">
    <p class='ocr_par' dir='ltr' id='par_1_10' title="bbox 0 0 1608 5134">
     <span class='ocr_line' id='line_1_32' title="bbox 0 0 1608 5134; baseline 0 3"><span class='ocrx_word' id='word_1_210' title='bbox 0 0 1608 5134; x_wconf 95' lang='lat' dir='ltr'><strong> </strong></span> 
     </span>
    </p>
   </div>
  </div>
 </body>
</html>
