3226 5168
366 473 423 537 lt8
640 487 746 535 unsri
767 487 882 535 uacua
906 487 1116 536 carrinam.

362 602 535 666 Transvolet
548 601 661 683 alpinus
675 619 740 664 cnm
753 600 843 664 multo
858 600 946 664 milite
959 604 1071 662 montes

362 723 545 804 Ytaliamqnc
558 721 615 784 sibi
628 722 817 802 Romamque,
833 720 948 784 dolente
962 727 1075 798 senatu,

361 845 484 921 subdat,
500 849 529 906 et
540 843 652 926 imperii
665 843 832 906 moderetur
845 843 926 906 irena
939 844 1063 908 subacti.

401 966 461 1028 Sed
474 965 555 1027 Deus
569 963 708 1046 opposuit
721 963 807 1027 tantis
821 983 874 1026 suu
887 963 1006 1027 numine
1020 963 1109 1040 votis;

359 1085 433 1150 Nam
448 1087 570 1151 violasse
583 1087 699 1150 thorum
713 1085 802 1166 regis,
818 1083 957 1164 regnique
972 1083 1102 1146 Britunni

358 1209 521 1290 Usurpassc
535 1207 591 1271 sibi
603 1211 751 1288 sumptum
765 1204 899 1266 diadema
912 1203 1094 1281 Modredum‚

358 1331 445 1392 Fama
457 1329 560 1404 refert,
575 1327 692 1390 minime
701 1326 828 1408 justum,
844 1324 1015 1406 minimeque
1029 1325 1153 1388 fidelem.

358 1451 389 1510 ln
403 1448 459 1512 sibi
474 1447 634 1512 commissis
647 1446 754 1510 auditis
768 1446 870 1509 anxius
884 1446 959 1522 istis,

358 1568 506 1632 Gallorum
521 1587 619 1632 curum
632 1567 696 1648 regi
711 1566 864 1630 committit
877 1567 983 1642 lloelo;

358 1693 448 1772 loquo
461 1711 545 1754 suum
560 1709 692 1770 regnum,
709 1708 774 1753 eum
788 1689 908 1769 regibus
922 1689 1120 1768 insulularum,

357 1812 483 1876 Occeani
497 1811 572 1893 pede
586 1810 757 1892 retrogrado
771 1815 864 1872 terras
880 1829 989 1891 equora
1002 1811 1104 1874 tendit.

356 1936 458 1996 Atrox
471 1933 610 2009 intrusus,
626 1933 743 1996 sceleris
756 1933 928 1995 temerarius
942 1939 1054 2008 auctor,

358 2054 454 2117 Fedus
468 2053 521 2116 init
534 2071 599 2115 eum
614 2051 777 2129 Scaenicis,
793 2059 823 2115 et
835 2052 925 2114 tradit
939 2051 1046 2115 eisdem

354 2175 474 2255 Plagam
487 2173 564 2236 illam
577 2172 676 2252 regni;
693 2171 838 2252 fluvioque
852 2171 938 2236 distat
954 2175 990 2236 ab
1005 2175 1133 2236 llumbro

355 2295 400 2358 uo
414 2295 519 2358 Scotos
533 2294 670 2376 populos,
687 2297 716 2354 et
730 2311 803 2373 quas
816 2292 955 2373 Engistus
969 2301 998 2355 et
1012 2294 1122 2356 llorsus

353 2417 414 2480 Sub
428 2416 605 2496 Vortigerno
619 2419 712 2477 terras
726 2419 856 2478 tenuere.
900 2413 1040 2478 Clericus

353 2539 420 2601 Dux
434 2541 614 2617 octogentas,
629 2537 706 2600 Euro
721 2535 897 2617 impellente,
914 2535 1026 2598 carinas

352 2661 455 2722 Plenus
469 2658 592 2741 paganis
606 2658 723 2740 populis
738 2659 884 2738 armisque
898 2658 1038 2720 Modredo

352 2780 442 2843 Ducit
455 2779 484 2842 iu
497 2779 643 2842 auxilium.
687 2778 844 2842 liodrcdus
858 2784 998 2840 convocat
1012 2797 1110 2842 omnes

351 2899 470 2964 Vicinos
485 2918 558 2980 quos
573 2899 638 2980 ejus
651 2898 777 2962 habebat
789 2900 947 2962 auunculus
961 2899 1071 2975 hostes,

350 3021 387 3083 Et
401 3019 479 3082 venit
492 3017 530 3082 ad
542 3018 652 3101 Rutupi
665 3022 780 3100 portum
796 3037 860 3081 eum
876 3019 1064 3101 multiplicato

349 3139 471 3221 Agmine
485 3158 597 3222 pagane
610 3139 705 3219 gentis
719 3138 878 3220 populique
892 3139 995 3202 tidelis.

350 3263 516 3328 Occurreus
532 3262 656 3322 Asturus
670 3259 712 3323 eis
727 3278 759 3321 sc
772 3259 859 3322 mittit
873 3261 901 3322 iu
915 3261 989 3322 illos.

350 3383 426 3446 Mille
441 3380 550 3444 cudunt
563 3379 700 3460 utrinque
715 3379 780 3457 viri,
796 3380 873 3443 cedit
887 3381 1000 3444 inolitus
1015 3383 1063 3444 ille

351 3502 510 3584 (isigonus,
526 3503 606 3566 cadit
619 3503 783 3583 Auguselus
797 3523 847 3565 rex
862 3503 1011 3579 Scotions;
1028 3505 1093 3586 ejus

349 3623 467 3686 Yvenus
481 3623 580 3688 fratris
593 3622 692 3686 Uriaui
705 3621 793 3700 filius,
810 3623 890 3686 illum

347 3745 378 3806 ln
392 3762 513 3823 regnum
528 3743 668 3823 sequitur,
686 3744 790 3806 sortem
803 3744 976 3808 fortissimus
989 3746 1085 3809 heros.

348 3866 485 3942 Arturus,
501 3863 617 3926 tandem
632 3863 778 3944 magnaei
793 3865 860 3926 litus
875 3864 1010 3948 adeptus,

347 3986 519 4050 Modredum
533 4005 699 4067 cuneusque
713 4006 782 4048 suos
797 3986 951 4050 ostendere
965 3993 1048 4068 terga

348 4107 444 4187 Cogit,
460 4107 628 4170 inhonestus
642 4107 728 4170 cedes
742 4107 772 4168 in
787 4113 870 4187 terga
884 4113 1028 4188 gerentes.
