3226 5168
616 543 720 588 alcen
741 542 862 589 NONUS.

227 657 336 739 Impius
350 658 417 719 inde
431 655 506 736 fugit
519 661 548 716 et
561 653 655 718 tendit
668 659 752 716 nocte
765 654 894 734 sequenti

226 777 416 840 wintoniam.
459 777 570 858 Regina
583 773 661 837 subit
675 774 837 838 venerabile
851 776 998 856 tempium,

226 899 421 980 virgineoque
436 897 525 960 choro
540 896 723 972 accerserit,
738 900 769 958 et
782 895 924 958 vidualem

226 1019 354 1082 Assumit
366 1019 465 1094 vitem,
481 1018 596 1080 viduam
610 1017 743 1091 mentita3
760 1017 874 1080 duobus

224 1140 323 1222 Nupta
336 1145 444 1216 tamen,
459 1137 590 1218 vivisque
605 1137 673 1200 uiris
687 1135 797 1199 incesta
812 1137 943 1199 secundi.

265 1263 366 1323 atrox
381 1261 515 1336 Artums,
532 1260 600 1342 quia
613 1264 657 1322 tot
671 1259 801 1322 cecidere
816 1279 932 1321 suorum

225 1383 334 1445 Anxius
348 1386 377 1443 et
389 1382 490 1458 tristis,
506 1382 641 1444 defuncta
656 1382 796 1444 cadavera
809 1379 907 1442 condit

224 1503 415 1584 Vestigatque
429 1522 509 1584 suos,
524 1503 621 1583 aquiia
633 1502 770 1578 uelocior,
785 1503 895 1575 hostes,

223 1625 459 1705 Wintoniamque
472 1625 555 1706 petit,
572 1633 601 1686 et
615 1643 678 1686 eam
691 1642 848 1704 regemque
862 1623 1032 1685 Modredum

224 1745 358 1810 Obsidet.
401 1746 544 1825 Egressus
558 1745 648 1807 cicius
662 1743 818 1807 Modredus
833 1745 870 1805 ab
883 1745 955 1806 urbe

223 1865 329 1928 Tendit
341 1866 370 1928 in
386 1867 534 1928 Arturnm.
580 1866 660 1938 Quot
673 1865 713 1927 ibi
727 1883 796 1947 pars
810 1869 932 1945 utraque
947 1867 1036 1926 fortes

223 1986 367 2062 amiserit,
382 1985 520 2047 mandare
534 1986 599 2047 stite
614 2006 671 2048 non
685 1990 730 2047 est
743 1986 841 2047 breve.
883 1985 1012 2048 Tandem

222 2106 361 2170 Destituit
374 2125 506 2189 campum
520 2125 589 2189 pers
604 2105 727 2188 perfida,
742 2106 816 2168 vieta
829 2105 953 2180 recedit;

222 2227 455 2308 Cornnbiarnque
469 2227 571 2290 adiens
585 2227 717 2308 dispersa
729 2225 871 2306 recolligit
885 2225 942 2288 ittie

221 2351 354 2431 Agmina,
370 2355 400 2412 et
413 2353 565 2432 expectant
578 2367 676 2430 regem
691 2367 884 2431 proceresque
897 2352 1062 2430 sequentes.

221 2471 319 2535 Currit
331 2472 492 2534 harenosus
506 2475 607 2532 eterno
622 2470 763 2534 Canibula
777 2487 874 2532 cursu.

220 2591 354 2672 Undique
367 2590 542 2654 conveniunt
553 2590 633 2668 ittae,
651 2595 680 2653 et
692 2591 768 2653 belia
781 2590 925 2653 minentur

221 2714 356 2776 intestina
368 2713 434 2788 sibi,
450 2714 577 2775 fraterno
591 2711 689 2774 tedere
703 2713 806 2775 tracto.

220 2835 250 2896 tn
262 2833 396 2916 jugulum
410 2833 509 2896 fratris
523 2833 646 2896 intendit-
658 2834 758 2908 near,
775 2832 889 2895 anhelat

218 2953 307 3016 Filius
322 2953 350 3016 in
364 2943 493 3036 patre'm3
508 2953 584 3017 victa
596 2954 704 3036 pietate
718 2957 850 3036 paterna,

219 3075 341 3138 inminet
353 3075 442 3138 exicio
457 3075 516 3138 uati
530 3079 613 3157 pater
630 3097 636 3135 :
654 3075 749 3138 omnia
759 3075 829 3158 jura

217 3196 326 3258 Nature
340 3195 458 3258 contusa
468 3196 579 3278 jacent,
596 3215 735 3260 concessa
748 3197 883 3258 videntur
1184 3217 1244 3264 tato

216 3317 328 3397 Fasque
342 3317 510 3400 nephasque
523 3317 616 3394 simul,
633 3315 728 3396 gladio
743 3315 811 3378 dum
826 3317 939 3378 vincere
954 3320 1061 3397 captat.

217 3437 276 3508 Qui
289 3437 351 3499 iera
363 3437 421 3500 telo
434 3441 524 3514 tenet,
540 3456 598 3500 uon
612 3441 695 3500 curat
708 3437 776 3518 quid
790 3437 830 3498 sit
842 3437 1011 3513 honestum3

216 3557 286 3618 Esse
300 3561 395 3620 tamen
409 3561 522 3620 constat
534 3575 647 3619 merore
661 3557 810 3619 molestius
825 3558 901 3619 omni

213 3679 249 3742 at
262 3699 332 3743 nece
346 3679 486 3757 deterius,
501 3677 579 3761 quod
592 3683 673 3740 tanta
685 3679 804 3742 licencia
817 3680 885 3741 terri

214 3803 259 3866 Sit
272 3803 340 3866 data
353 3803 474 3884 paganis
487 3803 516 3864 in
531 3801 640 3866 Christi
654 3801 819 3864 dilanianda

213 3925 351 3986 Membra.
393 3923 544 4000 Modrede,
559 3927 639 3985 tuum
653 3923 774 3998 facinus,
790 3924 947 4004 populique
963 3925 1091 3987 Britanni

213 4044 348 4108 Dedecus
361 4050 503 4123 eternum,
519 4046 607 4108 miser
620 4051 649 4108 et
662 4045 834 4122 miserande,
848 4045 983 4108 misertus

212 4167 280 4228 Este
295 4166 348 4240 tni,
364 4167 501 4230 miserere
513 4168 582 4232 tuis.
625 4169 691 4232 Tibi
705 4169 804 4232 federa
817 4171 894 4232 nnita
