3226 5168
613 535 718 578 urana
739 535 897 580 sacrm.

241 648 353 711 Cuncta
365 651 554 708 cruentarunt
567 646 795 725 inieceruntque,
811 645 917 724 fugatis

239 769 285 830 De
296 771 401 848 stagno
416 765 525 842 rubeis,
541 764 618 828 sicut
632 763 797 847 predixerat
810 784 861 827 ore

239 886 368 950 Fatidico
382 891 462 949 vales
476 885 629 962 llerlinus;
645 885 746 967 sicque
759 885 928 948 Britannum

239 1007 420 1070 Perdidimus
433 1026 567 1088 regnum,
582 1011 843 1088 successeruntque
856 1009 966 1071 feroces

239 1129 379 1205 Saxones,
396 1129 524 1211 expulsis
537 1129 632 1211 petria
645 1129 683 1191 de
694 1128 765 1192 sede
778 1129 933 1193 Britannis.

238 1249 290 1311 Est
302 1249 390 1330 igitur
403 1253 532 1312 nost-rum
546 1249 702 1331 dampnum
716 1269 866 1312 commune
879 1249 1041 1332 pudorque,

238 1369 321 1431 Sicut
333 1369 493 1432 communis
507 1374 552 1431 est
565 1369 657 1431 nostri
671 1369 817 1448 sanguinis
831 1374 947 1445 auctor,

237 1493 312 1553 Nam
326 1491 434 1571 Malgo,
451 1491 537 1574 cujus
551 1491 588 1554 de
602 1492 742 1572 sangnine
756 1491 889 1555 ducimus
902 1497 1007 1568 ortum,

239 1613 370 1684 Quartus
384 1613 421 1674 ab
436 1613 543 1674 Arluro
558 1611 688 1674 succedit
701 1612 739 1689 ei,
755 1612 913 1693 genuitque

239 1733 349 1795 Ennion
364 1737 394 1795 et
406 1733 521 1797 Risum.
565 1732 673 1796 (lenuit
686 1738 770 1814 pater
783 1733 890 1795 Ennius
905 1734 1018 1814 llelym,

239 1853 297 1926 Qui
312 1853 478 1929 tuchonem,
495 1853 543 1933 qui
559 1851 744 1928 Ceduannm3
761 1873 807 1914 mo
821 1853 987 1916 Caduanus.

238 1973 276 2034 nt
289 1973 373 2035 simul
387 1973 525 2054 expulsus
538 1978 636 2054 partes
650 1974 832 2054 pervenitad
846 1973 916 2035 istas

238 2094 340 2171 liinus,
357 2094 439 2176 virgo
453 2093 520 2156 duci
535 2099 597 2156 sate
611 2094 684 2160 ltino
699 2095 799 2177 nupsit
811 2096 913 2173 Hoelo,

238 2215 283 2277 De
298 2233 356 2296 qua
368 2214 498 2297 suscepit
510 2215 582 2278 mire
595 2216 727 2297 probatis
740 2217 873 2278 Alanum.

239 2336 288 2398 llic
303 2338 383 2398 tuum
399 2339 510 2417 patrem
524 2335 566 2398 sic
580 2355 634 2398 nos
649 2355 666 2396 a
680 2335 780 2417 stipite
793 2336 896 2418 pn'mo,

239 2455 348 2528 Quinta
361 2456 509 2539 parentele
523 2457 613 2519 series
628 2457 781 2539 distinguit
793 2457 938 2540 utrinqne.
953 2459 968 2482 ”

238 2577 351 2639 interea
365 2577 434 2639 dum
448 2575 523 2639 sevit
535 2576 670 2660 hyemps,
687 2577 827 2640 Cednallo
841 2578 966 2659 quietem

237 2697 312 2760 Cum
326 2697 478 2760 Salomone
493 2696 586 2778 capit3
603 2697 656 2760 sed
670 2702 754 2760 nocte
768 2697 873 2779 dieque
887 2699 1008 2763 Brianus

238 2817 365 2897 Auguris
378 2816 406 2879 in
420 2825 542 2880 mortem
556 2817 648 2900 pelliti
662 2823 740 2881 totus
755 2820 880 2882 hanelat.

237 2939 408 3000 Transmcat
422 2954 493 3016 ergo
507 2937 623 3014 fretum,
639 2938 746 3019 vilique
759 2939 894 3002 inductus
909 2941 1025 3018 amictu,

237 3056 344 3119 Tendit
358 3056 396 3119 ad
409 3057 513 3121 Eduini
527 3057 604 3138 regis
618 3057 776 3140 penetrale,
793 3059 933 3122 manentis

237 3175 369 3254 Eboraci,
386 3195 556 3259 pauperque
568 3177 670 3240 habitu
684 3197 716 3240 se
730 3177 830 3241 miscet
843 3179 942 3260 egenis

237 3296 296 3370 Qui
310 3295 387 3377 regis
401 3298 564 3378 fragmenta
576 3302 690 3380 petunt.
734 3299 825 3361 Soror
839 3319 909 3381 ergo
924 3301 1022 3364 Brieni

237 3417 407 3498 Egrediens,
423 3417 532 3500 pelium
544 3419 651 3494 ferens,
667 3418 860 3500 limphamque
874 3421 1052 3498 ministrans,

236 3541 377 3620 Agnoscit
390 3539 519 3616 tratrem,
534 3539 716 3620 lacrimisque
730 3540 891 3620 rigantibus
906 3561 956 3606 ora

236 3659 369 3723 Pellitnm
383 3658 562 3722 demonstrat
575 3659 613 3736 ei,
629 3660 802 3742 fugiensque
815 3661 936 3724 recedit.

237 3779 385 3842 decedens
398 3778 489 3857 igitur
502 3779 532 3842 in
544 3781 639 3858 turbe,
656 3781 758 3843 stantis
773 3783 899 3861 Hybemi

236 3902 340 3963 Pectus
354 3899 453 3962 ferrati
467 3900 606 3963 burdonis
620 3901 714 3964 traicit
726 3901 798 3964 ictu.

235 4021 285 4084 llle
300 4020 377 4082 cadit
389 4020 527 4098 moriens,
542 4021 671 4084 nescitur
684 4021 810 4084 vulneris
824 4028 935 4086 auctor.

236 4140 305 4203 lnde
319 4141 442 4204 Brianns
456 4141 526 4220 abit,
542 4147 572 4204 et
584 4142 646 4205 adit
659 4143 797 4206 velociter
812 4145 910 4206 urbem
1025 4197 1028 4204 .
