3226 5168
370 499 409 558 90
647 511 753 556 unsre
775 510 888 554 neuun
911 511 1123 555 uurrrunrn.

370 627 525 706 Longaque
540 624 629 685 burbu
643 623 711 684 lucit
725 627 754 684 et
767 623 856 684 rerba
870 621 980 684 diserta
995 621 1148 684 verendos.

370 747 452 819 Quos
466 763 539 827 puer
553 750 585 808 ut
597 744 680 820 vidit,
696 745 836 808 insultans
852 743 894 805 sic
908 743 948 806 ait
961 743 1018 806 illis
1035 765 1041 804 :

368 867 382 892 “
396 867 421 930 Ο
437 887 560 949 qnorum
574 885 654 928 mens
668 871 713 928 est
727 865 857 928 incautos
872 865 982 926 tallere!
999 884 1121 945 quorum

369 988 435 1050 Vita
451 987 561 1063 nociva,
577 986 681 1068 quibus
697 987 818 1068 prebent
832 985 979 1050 mendacia
994 985 1113 1048 vietum!

370 1108 448 1182 Quid
463 1127 544 1172 muro
559 1109 687 1191 preferre
701 1113 809 1192 potest,
825 1113 858 1171 ut
870 1108 972 1171 sistere
987 1108 1091 1189 possit,

369 1230 525 1311 Sanguinis
538 1229 655 1292 humani
670 1229 805 1293 diffusio?
848 1232 913 1292 Non
927 1231 1000 1291 bene
1014 1229 1106 1292 nostis

371 1351 449 1423 Quid
464 1350 649 1414 fundamento
664 1349 769 1427 subsit,
786 1349 864 1431 quod
879 1349 1001 1432 dissipet
1014 1350 1102 1412 illud?

370 1473 430 1534 Sub
444 1473 630 1534 fundamento
646 1475 781 1553 stagnum
795 1472 865 1534 lutet
876 1487 889 1532 r
905 1472 1059 1536 effodietur

369 1595 471 1671 Terra,
487 1594 597 1676 patebit
610 1613 695 1674 aqua.
710 1593 723 1618 '¹
764 1593 895 1670 Foditur,
912 1599 1046 1675 stagnum
1061 1601 1141 1676 patet
1160 1615 1165 1654 :
1183 1593 1253 1656 illud

369 1713 547 1796 lmpediebat
561 1733 645 1795 opus,
664 1733 716 1776 neo
731 1733 844 1776 murum
858 1719 935 1776 stare
949 1714 1071 1776 sinebat.

369 1837 418 1898 llle
432 1855 531 1916 magos
545 1835 648 1898 iterum
662 1840 795 1918 temptat,
811 1835 936 1916 dicitque
953 1857 959 1898 :
977 1837 991 1862 ‘¹
1003 1837 1143 1916 Magistri,

370 1957 465 2020 Dicite
479 1956 599 2039 perfidie
613 1958 667 2020 sub
682 1961 784 2038 stagno
800 1957 869 2039 quid
884 1957 953 2020 latet
966 1958 1041 2040 ipso.
1056 1959 1070 1983 ''

370 2080 517 2142 Erubuere
531 2079 618 2159 magi,
635 2098 688 2141 neo
702 2079 740 2142 ad
753 2079 809 2142 hoo
822 2084 932 2142 eertum
946 2084 1068 2162 potuere

368 2199 502 2264 Reddere
515 2218 704 2281 responsuru3
721 2219 787 2262 eum
801 2200 844 2262 sio
859 2201 1028 2262 nmbmstus
1041 2199 1134 2280 inquit
1150 2221 1156 2260 ε

369 2319 456 2382 “Sub
469 2323 572 2400 stagno
587 2324 723 2400 presente
737 2320 826 2382 latent
840 2319 898 2382 duo
914 2337 1039 2382 concere
1053 2341 1133 2396 saxa,

369 2443 401 2503 ln
415 2439 519 2520 quibus
533 2439 632 2501 abdita
646 2444 713 2502 suut
727 2439 786 2502 duo
801 2459 923 2522 corpora
938 2459 1053 2522 magna.
1068 2441 1083 2466 ’'

370 2565 400 2624 ln
415 2561 494 2625 rivos
508 2580 583 2643 aqua
596 2561 744 2640 dividitur,
761 2561 819 2624 duo
836 2581 906 2625 saxa
920 2562 1012 2626 rideri

369 2675 529 2758 Incipiunt;
545 2674 621 2736 saris
635 2674 754 2756 avulsis,
770 2675 838 2738 inde
851 2677 957 2739 eoloris

369 2796 496 2872 Diversi,
512 2796 637 2859 viseres
652 2795 832 2873 admiranda,
848 2795 989 2864 dracones

370 2917 507 2998 Exibunt,
523 2923 715 3001 stagnumque
729 2922 841 3000 petunt,
858 2919 1020 3000 bellumque
1034 2920 1180 2983 minantur

371 3040 463 3102 Ambo
477 3040 542 3117 sibi,
559 3061 681 3121 quorum
694 3041 785 3104 rubus
800 3060 887 3120 uuus,
903 3040 1042 3104 candidus
1057 3044 1140 3105 ulter.

370 3159 472 3226 Dirum
486 3161 666 3224 committunt
680 3166 836 3238 sedamen,
852 3161 997 3224 hanelitus
1011 3162 1108 3242 ignem
1338 3186 1399 3232 sero

369 3281 481 3346 avenn
494 3283 659 3358 amborum;
676 3281 791 3346 taudem
805 3284 897 3345 rubus
910 3283 1022 3362 effuget
1035 3284 1142 3346 album.

369 3403 517 3470 Converso
532 3405 634 3482 rubeo,
651 3423 734 3468 versa
747 3405 810 3467 rice
822 3409 906 3486 terga
919 3405 970 3467 dat
983 3405 1076 3468 albus.

369 3527 430 3590 Rex
444 3523 543 3604 igitur,
559 3503 711 3606 postquam
725 3526 886 3608 stupefacto
901 3529 1019 3607 pectore
1032 3525 1137 3588 bellum

370 3646 452 3710 Vidit
465 3645 635 3723 inauditum,
651 3646 723 3712 dixit
739 3669 745 3706 :
763 3646 777 3672 ‘⁸
789 3647 917 3722 Merliue,
934 3647 1109 3728 stupendum

372 3767 452 3840 Quid
466 3767 517 3830 tibi
531 3767 674 3848 significet
688 3787 808 3852 presens
823 3767 890 3830 mihi
904 3767 1000 3850 pande
1013 3768 1150 3832 duellum.
1166 3768 1180 3792 '’

370 3888 420 3952 llle
433 3888 507 3964 silet,
523 3893 659 3969 totusque
672 3887 768 3951 tremit
781 3886 851 3950 dum
865 3887 1032 3969 spirituales
1120 3941 1123 3946 .

371 4009 505 4091 Concipit
518 4009 641 4086 afflatus,
657 4009 840 4090 lacrimisque
853 4008 1016 4089 rigantibus
1030 4029 1082 4071 ora

371 4131 564 4212 Conqueritur
578 4137 657 4196 retes
675 4153 681 4193 :
699 4133 852 4213 “Serpens
867 4131 955 4194 tibive
969 4133 1071 4207 rubus,
1088 4131 1189 4212 inquit,
