3206 5134
363 506 402 568 64
645 524 750 568 unsri
773 523 885 566 uranu
909 523 1120 568 enrrinurn.

362 635 471 712 Predo,
487 637 572 712 latro,
588 635 635 697 tur
649 633 696 696 illo
711 637 850 712 regnante
865 631 1029 712 quieseunt.

402 757 532 820 Presidel
550 757 669 839 imperio
684 755 858 831 blaneueius,
877 756 967 816 hostis
982 755 1090 831 amicis,

362 880 393 940 ln
408 879 483 941 cives
498 878 601 960 predo,
618 876 755 939 siccarius
770 877 798 938 in
812 894 982 955 generosos,

363 1003 394 1064 lu
409 1021 560 1064 commune
575 1001 679 1077 malus,
695 999 781 1082 pejor
796 999 862 1075 sibi,
877 998 1007 1081 perimus
1023 998 1063 1059 illl

360 1122 415 1186 Cui
430 1123 517 1185 nichil
532 1124 691 1197 accultum;
707 1120 756 1202 jus
771 1121 899 1183 naturale
914 1140 967 1202 per
980 1119 1059 1182 illuni

360 1244 395 1306 Et
409 1245 490 1307 ciuile
505 1245 595 1327 perit,
614 1265 667 1306 sun
681 1243 794 1327 predia,
813 1247 896 1318 tecta,
913 1243 1046 1322 laresque

360 1368 461 1428 Aufert
476 1367 624 1428 nobilium.
669 1365 849 1427 Exheredata
859 1365 999 1446 juventus

227 1501 238 1522 ·
359 1486 404 1548 nd
420 1486 602 1549 Constantini
616 1486 689 1566 sugit
702 1485 847 1547 auxilium.
892 1484 1057 1563 Fugientem

357 1607 418 1669 ilex
432 1606 546 1688 recipit,
562 1612 728 1681 veneratur,
744 1609 831 1680 amnt,
848 1603 986 1685 proponit
999 1603 1107 1666 amicis.

359 1727 499 1799 Quamvis
514 1727 631 1789 divicias
646 1727 824 1805 melioraque
838 1725 942 1806 predia
955 1725 1041 1806 prirni

357 1849 541 1926 Possideanl,
557 1855 731 1929 teneantque
745 1847 855 1928 gradus
870 1867 887 1909 a
899 1866 969 1926 rege
983 1848 1137 1925 secundos,

357 1971 423 2052 lpsa
436 1977 531 2032 tamen
546 1971 633 2052 patrii
648 1971 773 2032 dulcedo
790 1970 912 2052 cespites
928 1971 991 2032 illos

356 2091 472 2172 Tangit,
489 2101 516 2154 et
532 2093 612 2172 angit
627 2111 720 2168 amor,
736 2097 769 2154 ut
782 2091 880 2154 dicant
896 2092 962 2155 talia
976 2091 1039 2172 regi
1057 2113 1063 2152 :

395 2212 410 2237 ¹¹
423 2212 521 2274 lnclite
535 2233 598 2288 rex,
615 2213 701 2294 cujus
715 2217 807 2275 lotum
823 2214 939 2294 vulgata
953 2233 1005 2294 per
1019 2213 1120 2275 orbem

357 2333 445 2398 Fama
458 2335 545 2410 volat,
561 2333 606 2396 cui
620 2355 652 2396 se
666 2339 744 2396 totus
757 2336 920 2416 subponere
935 2335 1060 2397 mundus

357 2456 482 2538 Expulit,
500 2456 651 2538 imperium
667 2457 801 2539 princeps
816 2457 956 2518 detractat
970 2456 1084 2536 iniquus
1103 2478 1109 2516 :

356 2576 460 2656 Sieque
475 2581 558 2638 vacat
572 2577 623 2638 tibi
637 2597 717 2640 sume
733 2597 848 2653 vacans,
865 2577 917 2639 tibi
931 2597 1012 2639 sume
1027 2581 1176 2639 voventem

356 2697 399 2759 Te
414 2698 559 2760 dominum
574 2699 706 2774 llomam,
722 2718 774 2759 uec
789 2699 863 2760 bella
877 2717 993 2760 movere
1007 2717 1125 2760 necesse
1140 2703 1195 2759 cst.

357 2816 464 2880 Gratus
478 2819 548 2880 ades
562 2819 665 2898 gratis,
680 2838 752 2900 cape
766 2824 912 2900 sceptrum
927 2819 1005 2898 quod
1019 2819 1071 2880 tibi
1085 2823 1183 2897 grates

355 2939 393 3000 Ut
407 2939 537 3020 capiatur
551 2941 626 3020 agit3
644 2941 752 3022 populo
767 2945 882 3020 gratare
899 2940 1034 3016 Quirino,

356 3059 415 3131 Qui
430 3060 481 3124 tibi
496 3065 638 3140 gratatur,
654 3061 706 3122 tibi
722 3061 821 3124 mundi
834 3062 905 3143 jura
918 3061 1050 3122 daturus.

355 3181 476 3256 Uxores,
493 3199 612 3261 pueros,
629 3181 734 3244 tratres
749 3203 890 3262 carosque
904 3189 1039 3264 parentes

354 3303 499 3366 Restituas
514 3303 607 3365 nobis.
623 3303 637 3326 ''
678 3304 816 3366 Precibus
831 3303 961 3366 devictus
975 3325 1073 3368 eorum

354 3426 472 3487 Romam
487 3426 598 3506 adiens,
614 3425 692 3486 illam
708 3426 763 3486 sibi
777 3426 918 3507 subjugat
935 3449 941 3486 :
959 3427 1025 3487 lrinc
1040 3427 1094 3488 sibi
1109 3427 1208 3490 mundi

355 3545 512 3608 Primatum
528 3545 642 3621 subicit,
659 3550 688 3606 et
702 3547 803 3608 eodem
818 3547 948 3629 principe
963 3548 1080 3626 gaudet.

309 3708 311 3712 -
352 3667 473 3745 lamque
487 3667 658 3744 Jolreliuum,
676 3668 808 3742 Marium,
825 3669 985 3749 sortemque
999 3669 1189 3742 'lralrcrnum

354 3789 486 3859 Quorum
502 3788 598 3870 ucptis
613 3793 676 3850 erat
689 3789 796 3851 llelene
810 3790 990 3852 sanctissima
1005 3796 1106 3865 mater,

353 3910 418 3992 lpse
432 3917 581 3972 senatores
595 3911 722 3972 Romane
738 3911 845 3972 lecerat
860 3913 949 3974 urbis.

353 4031 464 4093 luteres
477 4033 567 4095 Rome
581 4033 649 4094 dum
665 4037 724 4094 tola
739 4032 887 4094 Britannia
900 4033 1000 4108 servit,

352 4152 478 4217 Consilio
492 4173 643 4236 procerum
658 4155 717 4216 dux
731 4159 776 4215 est
791 4155 929 4216 Octauius
943 4175 1013 4216 usus
