3206 5134
380 795 629 862 GESTORUM
654 797 818 862 REGUM
842 797 1110 862 BRITANNIAE

619 1037 706 1086 {ABER
722 1037 869 1097 QUARTUS.

590 1516 690 1586 Incipit
703 1520 815 1587 quartus
828 1514 902 1572 tiber.
950 1570 952 1573 .

271 1748 400 1819 Quartus
414 1749 450 1809 ab
465 1749 597 1828 Augusto
611 1747 703 1828 cepit3
719 1748 853 1827 tactuque
867 1767 920 1830 per
934 1750 1032 1810 orbem

228 1867 342 1943 Edicto,
358 1872 482 1947 natoque
495 1886 578 1930 sacra
592 1868 629 1930 de
643 1867 754 1947 virgine
768 1866 896 1944 Christo,

230 1989 366 2050 pacificat
379 2009 453 2052 noua
466 1995 557 2071 nupta
571 2010 655 2053 suum
669 2010 732 2052 cum
749 1995 833 2072 patre
846 1990 990 2054 maritum.

230 2109 366 2172 Rusticus
379 2109 509 2172 intrusus
524 2111 552 2171 vi
565 2115 680 2190 regnet,
696 2129 765 2191 rege
779 2116 939 2192 perempto.

232 2230 338 2292 Lucius
353 2231 381 2292 in
396 2230 543 2295 Christum
559 2231 664 2308 credit,
681 2231 856 2312 Christoque
869 2233 979 2296 dicatas

232 2353 372 2414 Ecclesiae
387 2352 483 2428 dotet;
500 2352 651 2415 distinctas
666 2353 781 2414 ordinat
794 2355 892 2416 urbes.

232 2473 293 2538 Rex
307 2474 513 2537 Constantinus
528 2483 675 2557 sceptrum
689 2479 768 2537 tenet
781 2475 938 2557 imperiale.

232 2597 302 2658 tura
315 2597 360 2658 bis
374 2597 494 2658 assumit
509 2597 660 2672 Octavius,
676 2600 705 2657 et
720 2615 809 2676 gener
823 2595 889 2678 ejus

233 2716 412 2778 Armoricam
426 2721 677 2799 supersuturam,
691 2721 839 2796 mutatque
854 2717 991 2808 ducetum

235 2841 264 2900 tn
280 2857 411 2918 regnum.
455 2840 568 2918 Regnat
582 2839 718 2902 Cunenus
732 2839 842 2921 primus
856 2839 885 2902 in
900 2840 960 2902 illo.

274 3081 351 3141 Dum
366 3079 498 3142 Kibelinu
513 3079 646 3162 subjecta
659 3079 809 3142 Britannia
822 3080 921 3156 seruit,

235 3205 384 3283 Augustus
399 3203 490 3264 Cesar
502 3207 648 3283 sceptrum
663 3202 738 3283 gerit
751 3202 909 3284 imperiale,

234 3323 393 3403 Edictoque
407 3323 475 3384 dato
489 3327 569 3384 totus
584 3321 758 3384 describitur
772 3322 862 3384 orbis,

236 3445 368 3508 Christus
382 3446 467 3506 horno
481 3447 566 3506 natus
580 3444 657 3525 cepit
670 3443 823 3506 carnaliter
837 3463 912 3507 esse.

238 3565 295 3638 Qui
309 3565 372 3626 sine
386 3565 540 3646 principio,
556 3564 605 3643 qui
620 3564 790 3646 principium
805 3563 866 3626 sine
880 3563 947 3642 fine,

237 3667 271 3749 'm
285 3691 380 3748 tamen
395 3689 440 3748 est
453 3684 517 3747 finis
532 3685 570 3748 ad
584 3705 668 3764 quem
683 3704 750 3766 spes
765 3685 858 3747 omnis
873 3685 1005 3760 hanelat3

238 3809 331 3880 Quem
345 3805 426 3884 virgo
440 3805 564 3887 peperit,
581 3805 740 3885 genitorem
755 3803 823 3880 filia,
838 3803 938 3866 florem

236 3928 328 3991 Arida
340 3928 423 4007 virga
436 3945 553 4003 nouum,
566 3925 616 4006 qui
630 3925 752 3988 cuntulit
766 3925 894 3988 ariditati

237 4051 343 4110 Nostre
355 4048 534 4110 fructiferum
547 4046 646 4110 florem
660 4051 761 4130 partus
776 4051 871 4110 temen
885 4047 961 4130 ejus.

236 4169 321 4232 Unde
334 4169 378 4232 sui
392 4174 493 4250 partus
509 4169 600 4231 nescit
614 4173 732 4243 nature3
749 4171 902 4251 stupetque
