3226 5168
348 495 404 556 166
627 505 733 550 casn
755 504 868 548 aeona
891 503 1101 550 exoritura.

345 621 495 694 Exoniam,
513 617 704 696 Britonesque
717 633 798 690 suos,
814 633 888 695 quos
902 621 1049 696 sparserat
1063 613 1165 690 hostis,

346 739 596 821 congregatim,
613 751 642 800 et
656 741 754 799 narrat
767 736 809 798 cis
824 755 881 816 qne
894 739 1025 816 gesserat
1038 739 1068 798 et
1082 755 1139 817 qne

346 862 536 942 Contigerant
548 859 622 940 regi.
668 857 758 922 llnris
772 863 802 920 et
815 856 945 920 turribus
959 857 1025 920 altis

345 983 483 1046 Exouiam
496 981 603 1057 munit余
619 999 756 1063 proceres
770 997 825 1042 sua
838 977 933 1040 menia
943 976 1068 1053 firmant,

345 1107 563 1187 Expectantqne
576 1103 662 1166 simul
675 1101 777 1165 letanti
790 1106 910 1184 pectore
923 1119 1032 1182 regem.

347 1225 436 1300 Quod
450 1225 536 1288 simul
550 1224 687 1286 attonitas
701 1224 862 1304 auglorum
875 1221 1111 1304 perculientes,

347 1348 445 1409 lusnle
458 1349 519 1406 tota
532 1343 642 1420 fremit余
660 1343 778 1406 veniens
793 1363 858 1405 cum
872 1362 941 1423 rege
955 1342 1084 1418 Peauda,

349 1468 473 1533 Obsidet
487 1466 624 1529 Exoniam
640 1466 700 1527 lere
714 1483 798 1546 gens,
813 1466 974 1544 fortemque
988 1465 1137 1530 Briauum.

348 1589 425 1650 Dum
440 1585 612 1667 mangonelli
627 1585 798 1664 diversaque
812 1585 944 1647 machina
957 1585 1023 1648 belli

348 1710 522 1790 impugnant
535 1725 644 1784 muros,
660 1705 729 1768 dum
743 1705 835 1768 clanei
850 1710 952 1768 cuncta
966 1712 1107 1768 coronant

348 1829 433 1891 Edita
447 1847 605 1904 murorum,
623 1828 692 1890 dum
705 1826 770 1889 telis
784 1826 965 1902 tarataram,

348 1951 389 2010 En
405 1947 544 2011 Cadnallo
559 1947 648 2024 venit,
665 1951 694 2008 et
707 1965 806 2010 secum
819 1946 900 2010 ducit
913 1946 941 2010 in
955 1948 1055 2012 hostes

347 2069 424 2132 Mille
437 2067 515 2130 viros
529 2067 635 2144 decies,
652 2086 724 2148 qnos
738 2087 789 2129 rex
803 2067 987 2130 commiserat
1000 2067 1039 2130 illi

348 2187 495 2252 Armorica
510 2188 656 2250 Salomon.
701 2187 880 2250 Convertunt
893 2189 1023 2252 Saxones
1037 2209 1117 2252 arma

348 2310 381 2372 ln
394 2307 611 2372 ceduallonem.
657 2309 728 2371 Post
741 2308 831 2388 prelia
844 2309 934 2372 multa
948 2311 1066 2372 Peanda

347 2431 408 2494 Rex
423 2429 548 2512 capitur,
563 2428 705 2509 mortique
720 2429 807 2491 datus
821 2433 867 2491 est
881 2429 1023 2493 exercitus
1037 2431 1113 2514 ejus.

347 2552 444 2616 Fedus
457 2551 509 2614 init
522 2550 601 2634 pacis
616 2555 719 2633 captus
733 2569 798 2614 cum
812 2570 882 2631 rege
896 2551 1045 2629 Britanno,

348 2675 384 2736 Et
398 2694 440 2750 se,
457 2673 526 2736 dum
537 2672 633 2754 jurat,
650 2672 806 2754 persistere
817 2672 900 2754 juret
913 2673 942 2734 in
957 2673 985 2755 ej
990 2694 1022 2736 us

348 2792 538 2873 Obsequium,
554 2791 763 2871 Britonnmqne
777 2791 855 2872 piam
869 2791 1025 2856 defendere
1039 2813 1166 2860 causam.

389 2913 450 2976 Rea
464 2910 564 2991 igitur,
581 2911 710 2972 collectis
725 2910 847 2990 viribus,
863 2911 1021 2976 llumbrum

349 3035 531 3108 Transmeat,
547 3039 576 3092 et
589 3030 687 3110 gladio
701 3048 823 3110 reguum
837 3031 968 3096 devastat
982 3037 1011 3095 et
1025 3033 1097 3116 igni.

349 3154 477 3216 Saxones
491 3170 561 3232 ergo
576 3169 645 3212 suos
659 3150 768 3214 ducens
782 3168 924 3232 regesque
937 3153 1129 3236 propinquos,

349 3273 474 3356 Impiger
487 3271 619 3334 Edninus
633 3290 696 3333 cnm
712 3271 798 3334 milite
812 3271 1003 3356 multiplicato

349 3394 380 3457 ln
395 3392 530 3454 Britones
544 3391 645 3453 fertur.
690 3392 722 3452 ln
736 3391 829 3473 primo
843 3397 935 3454 marte
949 3399 1127 3478 peremptus,

348 3515 410 3577 Rex
424 3511 503 3574 cadit
515 3510 659 3588 Edninus余
677 3511 755 3574 cadit
770 3511 914 3591 offridus,
930 3513 1045 3576 inclitus
1059 3515 1124 3598 ejus

347 3633 450 3708 Filins3
468 3631 613 3698 Orchadie
625 3651 675 3694 rex
689 3632 810 3709 occidit余
827 3633 947 3713 Anglica
961 3637 1047 3698 turba

349 3755 423 3816 Tota
437 3752 524 3836 perit,
540 3751 595 3815 nisi
610 3771 683 3836 quos
699 3773 755 3814 nox
768 3758 798 3816 et
810 3755 880 3835 luga
893 3755 1038 3819 subtrahit
1051 3757 1138 3820 hosti.

348 3873 419 3936 lude
433 3873 627 3956 triumphator
642 3893 742 3938 omnes
756 3873 793 3937 de
806 3875 938 3958 partibus
953 3877 1009 3939 illis

349 3993 478 4058 Saxones
492 3994 628 4072 evellens,
645 3994 723 4057 nulla
736 3995 843 4077 pietate
856 3996 1008 4074 reductus,

348 4113 379 4175 ln
394 4113 470 4176 cives
485 4115 629 4194 urbesque
643 4115 723 4192 furit,
740 4115 882 4178 bachatur
895 4115 923 4177 in
939 4135 1037 4197 agrm,
