3226 5168
607 523 711 568 araur
730 523 909 569 scrrruus.

247 630 391 702 inmundi
405 649 506 714 campo
520 631 585 713 quis
599 651 656 714 qrra
669 634 810 714 gaudebit
823 653 932 711 earum,

247 751 305 810 dut
317 749 399 812 debit
413 771 542 834 somper;
559 753 639 816 sscbit
652 754 700 834 qui
714 759 829 836 tempus
843 754 871 816 in
887 759 969 818 actus

246 867 388 951 Expendit
400 891 518 954 pravos,
533 873 671 954 gaudebit
684 874 734 954 qui
746 875 820 938 boue
833 874 913 936 uixit.

247 987 305 1058 Qui
319 990 392 1052 bene
405 991 535 1070 certavit,
551 991 706 1057 donabitur
719 993 786 1056 inde
799 1013 918 1057 corona.

245 1107 321 1188 Ergo
336 1129 390 1192 pro
404 1111 538 1188 fratrum,
553 1113 668 1190 iratres,
684 1119 813 1195 pugnate
827 1114 931 1178 saluts.

245 1229 277 1290 Si
291 1249 342 1292 vos
356 1232 510 1313 contigerit
523 1239 643 1300 mortem
657 1236 813 1316 pugnaudo
827 1236 937 1314 subire,

245 1351 420 1434 Perpetuam
434 1373 554 1436 regnum
568 1357 688 1439 capietis
702 1377 757 1439 pro
772 1357 913 1439 perituro.

244 1469 379 1554 Pas-pura
390 1474 522 1554 martirii,
537 1475 637 1558 precio
651 1477 811 1558 preciosior
825 1477 913 1552 omui,

244 1592 390 1657 Prominet
402 1594 431 1656 in
446 1595 519 1672 celo,
535 1601 710 1676 cunctosque
724 1597 836 1660 excellit
849 1597 985 1662 bonores.

244 1715 408 1778 Mertiribus
424 1715 546 1782 debetur
559 1718 650 1782 bonos
665 1737 729 1782 cum
744 1719 861 1782 martire
875 1719 1003 1796 Christo,

244 1838 300 1902 Cui
313 1839 375 1901 laus
389 1845 419 1902 et
432 1840 522 1904 virtus
537 1846 566 1904 et
580 1842 673 1904 honor
686 1861 739 1923 per
753 1843 830 1904 secla
843 1846 958 1906 cuncta.
973 1842 988 1866 ”

284 1959 341 2022 Vix
354 1980 389 2023 ea
402 1960 516 2024 finierat
528 1963 639 2044 presul,
656 1981 721 2026 cum
734 1966 796 2024 tota
809 1963 938 2044 capescit

245 2081 332 2143 Arma
345 2081 460 2160 cohors,
476 2083 608 2164 votisque
622 2087 725 2164 petunt
738 2087 883 2146 certamus
898 2082 981 2146 inire.

244 2201 340 2264 induit
353 2204 477 2266 Arturus
491 2203 607 2268 loricam
622 2204 754 2286 principe
767 2203 895 2284 dignam,

245 2325 373 2388 Assumit
387 2327 507 2407 galeam,
523 2325 608 2409 cujus
623 2327 710 2390 draco
725 2325 854 2406 fulgidus
868 2347 939 2390 auro

245 2445 382 2524 irradist;
397 2465 500 2510 conum
514 2447 638 2529 clipeum
652 2466 778 2528 quoquc,
794 2448 908 2512 nomino
921 2449 1054 2526 Purdae,

243 2567 311 2630 Fert
322 2567 461 2646 humeris,
477 2569 507 2632 iu
521 2587 579 2650 quo
594 2568 702 2632 Christi
715 2568 862 2650 genitricis
875 2589 982 2652 ymago

243 2689 359 2770 Fulget3
375 2691 431 2753 iert
444 2691 583 2772 gladium,
600 2691 685 2773 cujus
698 2709 803 2755 nomeu
818 2690 1024 2768 Calidorum

242 2811 360 2874 Hastam
374 2813 476 2876 dextre
489 2813 565 2894 gerit
577 2813 644 2878 tion
658 2814 775 2890 dictam,
791 2813 920 2877 cladibus
934 2821 1041 2897 aptam.

243 2933 398 3016 Dispositis
413 2936 503 3016 igitur
516 2937 625 3012 cuneis,
640 2936 708 2999 binc
721 2935 788 2998 inde
803 2937 933 3002 Britanni

241 3055 372 3120 Saxones
384 3057 533 3120 invadunt.
575 3057 706 3120 Adversa
719 3059 813 3122 fronte
827 3059 935 3122 resistit

242 3177 319 3241 Tota
330 3179 415 3241 turba
428 3179 487 3242 die.
530 3178 712 3256 Germanica,
727 3180 919 3256 subiciente,

242 3301 303 3362 Axe
317 3301 372 3363 sub
386 3300 507 3364 occiduo
521 3301 627 3364 montis
641 3301 761 3364 sublime
775 3319 911 3363 cacumen

242 3422 385 3503 Occupat,
400 3421 447 3485 hic
460 3421 582 3486 credens
596 3427 691 3484 tutum
704 3422 848 3484 munimen
862 3423 986 3499 hebere;

242 3543 280 3602 rit
293 3546 446 3623 postquam
460 3543 557 3624 Tytan
570 3541 715 3604 hebetavit
727 3542 869 3604 crastinus
882 3548 970 3620 astru,

240 3663 347 3726 Montis
360 3664 389 3726 iu
403 3682 554 3727 ascensum
568 3663 693 3726 velocius
707 3663 775 3726 alite
788 3665 911 3727 tendum

241 3785 340 3847 invicti
354 3786 499 3861 Britones‚
515 3785 600 3868 cujus
614 3786 660 3848 uix
671 3787 783 3849 culmen
797 3786 895 3868 adepti

240 3907 364 3970 Ensibus
378 3907 528 3971 incurrunt
541 3909 571 3970 in
585 3910 722 3971 Saxones.
766 3909 889 3971 Ensibus
902 3909 958 3972 illis

240 4029 370 4092 Saxones
384 4030 544 4106 obsistunt;
560 4029 613 4093 sed
626 4047 691 4092 cum
706 4049 774 4111 pars
787 4047 892 4110 magna
906 4031 965 4092 diei

240 4149 300 4210 Nec
313 4148 469 4230 quidquam
482 4153 652 4230 cousumpta
666 4150 751 4225 foret,
769 4167 821 4211 uec
835 4149 951 4211 cederet
966 4149 1012 4211 isti
