<?xml version="1.0" encoding="UTF-8"?>
<!DOCTYPE html PUBLIC "-//W3C//DTD XHTML 1.0 Transitional//EN"
    "http://www.w3.org/TR/xhtml1/DTD/xhtml1-transitional.dtd">
<html xmlns="http://www.w3.org/1999/xhtml" xml:lang="en" lang="en">
 <head>
  <title>
</title>
<meta http-equiv="Content-Type" content="text/html;charset=utf-8" />
  <meta name='ocr-system' content='tesseract 3.04.00' />
  <meta name='ocr-capabilities' content='ocr_page ocr_carea ocr_par ocr_line ocrx_word'/>
</head>
<body>
  <div class='ocr_page' id='page_1' title='image "./gestaregumbrita00assogoog_0144.png"; bbox 0 0 3226 5168; ppageno 0'>
   <div class='ocr_carea' id='block_1_1' title="bbox 614 537 913 582">
    <p class='ocr_par' dir='ltr' id='par_1_1' title="bbox 614 537 913 582">
     <span class='ocr_line' id='line_1_1' title="bbox 614 537 913 582; baseline 0 0"><span class='ocrx_word' id='word_1_1' title='bbox 614 539 717 582; x_wconf 77' lang='lat' dir='ltr'><strong>arasa</strong></span> <span class='ocrx_word' id='word_1_2' title='bbox 736 537 913 582; x_wconf 69' lang='lat' dir='ltr'><strong>salulate.</strong></span> 
     </span>
    </p>
   </div>
   <div class='ocr_carea' id='block_1_2' title="bbox 237 648 1053 3139">
    <p class='ocr_par' dir='ltr' id='par_1_2' title="bbox 242 648 1053 2166">
     <span class='ocr_line' id='line_1_2' title="bbox 247 648 1016 730; baseline -0.004 -16"><span class='ocrx_word' id='word_1_3' title='bbox 247 655 316 715; x_wconf 86' lang='lat' dir='ltr'><strong>Post</strong></span> <span class='ocrx_word' id='word_1_4' title='bbox 330 671 413 714; x_wconf 89' lang='lat' dir='ltr'><strong>sacra</strong></span> <span class='ocrx_word' id='word_1_5' title='bbox 426 650 576 713; x_wconf 86' lang='lat' dir='ltr'><strong>missarum</strong></span> <span class='ocrx_word' id='word_1_6' title='bbox 591 648 771 730; x_wconf 80' lang='lat' dir='ltr'><strong>sollempnia,</strong></span> <span class='ocrx_word' id='word_1_7' title='bbox 787 653 855 730; x_wconf 88' lang='lat' dir='ltr'><strong>post</strong></span> <span class='ocrx_word' id='word_1_8' title='bbox 868 651 1016 730; x_wconf 89' lang='lat' dir='ltr'><strong>epularum</strong></span> 
     </span>
     <span class='ocr_line' id='line_1_3' title="bbox 245 768 947 851; baseline -0.006 -17"><span class='ocrx_word' id='word_1_9' title='bbox 245 771 361 834; x_wconf 84' lang='lat' dir='ltr'><strong>Diversi</strong></span> <span class='ocrx_word' id='word_1_10' title='bbox 375 770 490 851; x_wconf 88' lang='lat' dir='ltr'><strong>generis</strong></span> <span class='ocrx_word' id='word_1_11' title='bbox 504 770 572 832; x_wconf 89' lang='lat' dir='ltr'><strong>data</strong></span> <span class='ocrx_word' id='word_1_12' title='bbox 586 771 706 845; x_wconf 77' lang='lat' dir='ltr'><strong>fercula,</strong></span> <span class='ocrx_word' id='word_1_13' title='bbox 722 768 800 830; x_wconf 90' lang='lat' dir='ltr'><strong>dona</strong></span> <span class='ocrx_word' id='word_1_14' title='bbox 812 768 947 850; x_wconf 88' lang='lat' dir='ltr'><strong>maniplis</strong></span> 
     </span>
     <span class='ocr_line' id='line_1_4' title="bbox 245 888 969 971; baseline -0.004 -19"><span class='ocrx_word' id='word_1_15' title='bbox 245 893 341 971; x_wconf 86' lang='lat' dir='ltr'><strong>Larga</strong></span> <span class='ocrx_word' id='word_1_16' title='bbox 353 890 414 953; x_wconf 88' lang='lat' dir='ltr'><strong>suis</strong></span> <span class='ocrx_word' id='word_1_17' title='bbox 426 889 536 965; x_wconf 82' lang='lat' dir='ltr'><strong>tribuit,</strong></span> <span class='ocrx_word' id='word_1_18' title='bbox 552 893 582 950; x_wconf 89' lang='lat' dir='ltr'><strong>et</strong></span> <span class='ocrx_word' id='word_1_19' title='bbox 595 907 667 968; x_wconf 92' lang='lat' dir='ltr'><strong>quas</strong></span> <span class='ocrx_word' id='word_1_20' title='bbox 680 888 863 950; x_wconf 75' lang='lat' dir='ltr'><strong>destruxerat</strong></span> <span class='ocrx_word' id='word_1_21' title='bbox 876 888 969 950; x_wconf 86' lang='lat' dir='ltr'><strong>bostis</strong></span> 
     </span>
     <span class='ocr_line' id='line_1_5' title="bbox 245 1007 879 1090; baseline -0.005 -18"><span class='ocrx_word' id='word_1_22' title='bbox 245 1011 388 1074; x_wconf 87' lang='lat' dir='ltr'><strong>Ecclesias</strong></span> <span class='ocrx_word' id='word_1_23' title='bbox 401 1008 493 1073; x_wconf 83' lang='lat' dir='ltr'><strong>reficit</strong></span> <span class='ocrx_word' id='word_1_24' title='bbox 507 1013 537 1071; x_wconf 90' lang='lat' dir='ltr'><strong>et</strong></span> <span class='ocrx_word' id='word_1_25' title='bbox 550 1009 632 1071; x_wconf 89' lang='lat' dir='ltr'><strong>dotat</strong></span> <span class='ocrx_word' id='word_1_26' title='bbox 645 1008 714 1070; x_wconf 90' lang='lat' dir='ltr'><strong>dole</strong></span> <span class='ocrx_word' id='word_1_27' title='bbox 726 1007 879 1090; x_wconf 87' lang='lat' dir='ltr'><strong>perhenni.</strong></span> 
     </span>
     <span class='ocr_line' id='line_1_6' title="bbox 244 1128 910 1211; baseline -0.005 -18"><span class='ocrx_word' id='word_1_28' title='bbox 244 1133 305 1193; x_wconf 89' lang='lat' dir='ltr'><strong>Dat</strong></span> <span class='ocrx_word' id='word_1_29' title='bbox 317 1129 375 1193; x_wconf 92' lang='lat' dir='ltr'><strong>tria</strong></span> <span class='ocrx_word' id='word_1_30' title='bbox 387 1148 477 1211; x_wconf 87' lang='lat' dir='ltr'><strong>regna</strong></span> <span class='ocrx_word' id='word_1_31' title='bbox 490 1128 583 1192; x_wconf 91' lang='lat' dir='ltr'><strong>tribus</strong></span> <span class='ocrx_word' id='word_1_32' title='bbox 597 1128 688 1209; x_wconf 86' lang='lat' dir='ltr'><strong>regali</strong></span> <span class='ocrx_word' id='word_1_33' title='bbox 702 1129 793 1210; x_wconf 80' lang='lat' dir='ltr'><strong>stirpe</strong></span> <span class='ocrx_word' id='word_1_34' title='bbox 806 1128 910 1190; x_wconf 88' lang='lat' dir='ltr'><strong>creatis</strong></span> 
     </span>
     <span class='ocr_line' id='line_1_7' title="bbox 244 1249 977 1333; baseline -0.004 -18"><span class='ocrx_word' id='word_1_35' title='bbox 244 1251 394 1316; x_wconf 79' lang='lat' dir='ltr'><strong>Fratribus</strong></span> <span class='ocrx_word' id='word_1_36' title='bbox 410 1273 417 1312; x_wconf 92' lang='lat'><strong>:</strong></span> <span class='ocrx_word' id='word_1_37' title='bbox 434 1249 572 1331; x_wconf 79' lang='lat' dir='ltr'><strong>Anguseli</strong></span> <span class='ocrx_word' id='word_1_38' title='bbox 583 1269 653 1333; x_wconf 88' lang='lat' dir='ltr'><strong>pars</strong></span> <span class='ocrx_word' id='word_1_39' title='bbox 668 1249 779 1325; x_wconf 83' lang='lat' dir='ltr'><strong>Saucia,</strong></span> <span class='ocrx_word' id='word_1_40' title='bbox 795 1269 864 1331; x_wconf 87' lang='lat' dir='ltr'><strong>pars</strong></span> <span class='ocrx_word' id='word_1_41' title='bbox 878 1249 977 1312; x_wconf 90' lang='lat' dir='ltr'><strong>Uriani</strong></span> 
     </span>
     <span class='ocr_line' id='line_1_8' title="bbox 242 1369 1053 1452; baseline -0.001 -17"><span class='ocrx_word' id='word_1_42' title='bbox 242 1371 368 1435; x_wconf 85' lang='lat' dir='ltr'><strong>llurasia</strong></span> <span class='ocrx_word' id='word_1_43' title='bbox 381 1375 436 1447; x_wconf 89' lang='lat' dir='ltr'><strong>est,</strong></span> <span class='ocrx_word' id='word_1_44' title='bbox 452 1389 521 1452; x_wconf 85' lang='lat' dir='ltr'><strong>pars</strong></span> <span class='ocrx_word' id='word_1_45' title='bbox 535 1371 609 1432; x_wconf 84' lang='lat' dir='ltr'><strong>Loth</strong></span> <span class='ocrx_word' id='word_1_46' title='bbox 624 1369 797 1447; x_wconf 87' lang='lat' dir='ltr'><strong>Lodouesia,</strong></span> <span class='ocrx_word' id='word_1_47' title='bbox 813 1370 860 1432; x_wconf 91' lang='lat' dir='ltr'><strong>cni</strong></span> <span class='ocrx_word' id='word_1_48' title='bbox 873 1389 956 1433; x_wconf 88' lang='lat' dir='ltr'><strong>soror</strong></span> <span class='ocrx_word' id='word_1_49' title='bbox 969 1371 1053 1434; x_wconf 74' lang='lat' dir='ltr'><strong>Anna</strong></span> 
     </span>
     <span class='ocr_line' id='line_1_9' title="bbox 247 1489 900 1572; baseline -0.002 -19"><span class='ocrx_word' id='word_1_50' title='bbox 247 1490 345 1554; x_wconf 78' lang='lat' dir='ltr'><strong>Arturi</strong></span> <span class='ocrx_word' id='word_1_51' title='bbox 359 1495 448 1572; x_wconf 86' lang='lat' dir='ltr'><strong>nupta</strong></span> <span class='ocrx_word' id='word_1_52' title='bbox 462 1497 518 1565; x_wconf 86' lang='lat' dir='ltr'><strong>est,</strong></span> <span class='ocrx_word' id='word_1_53' title='bbox 534 1489 571 1552; x_wconf 90' lang='lat' dir='ltr'><strong>do</strong></span> <span class='ocrx_word' id='word_1_54' title='bbox 585 1508 641 1569; x_wconf 88' lang='lat' dir='ltr'><strong>qua</strong></span> <span class='ocrx_word' id='word_1_55' title='bbox 655 1495 823 1572; x_wconf 78' lang='lat' dir='ltr'><strong>susceperat</strong></span> <span class='ocrx_word' id='word_1_56' title='bbox 836 1490 900 1572; x_wconf 86' lang='lat' dir='ltr'><strong>ipse</strong></span> 
     </span>
     <span class='ocr_line' id='line_1_10' title="bbox 244 1610 935 1694; baseline 0 -21"><span class='ocrx_word' id='word_1_57' title='bbox 244 1613 372 1674; x_wconf 75' lang='lat' dir='ltr'><strong>illustres</strong></span> <span class='ocrx_word' id='word_1_58' title='bbox 383 1610 522 1694; x_wconf 61' lang='lat' dir='ltr'><strong>juvenem</strong></span> <span class='ocrx_word' id='word_1_59' title='bbox 538 1611 751 1692; x_wconf 86' lang='lat' dir='ltr'><strong>appellavitque</strong></span> <span class='ocrx_word' id='word_1_60' title='bbox 764 1611 935 1674; x_wconf 82' lang='lat' dir='ltr'><strong>Modredum</strong></span> 
     </span>
     <span class='ocr_line' id='line_1_11' title="bbox 245 1728 999 1812; baseline 0 -18"><span class='ocrx_word' id='word_1_61' title='bbox 245 1731 461 1812; x_wconf 82' lang='lat' dir='ltr'><strong>Galoauumque</strong></span> <span class='ocrx_word' id='word_1_62' title='bbox 473 1734 567 1812; x_wconf 85' lang='lat' dir='ltr'><strong>pater,</strong></span> <span class='ocrx_word' id='word_1_63' title='bbox 583 1728 655 1791; x_wconf 90' lang='lat' dir='ltr'><strong>mire</strong></span> <span class='ocrx_word' id='word_1_64' title='bbox 666 1729 821 1810; x_wconf 75' lang='lat' dir='ltr'><strong>probitatis</strong></span> <span class='ocrx_word' id='word_1_65' title='bbox 835 1735 999 1811; x_wconf 86' lang='lat' dir='ltr'><strong>utrumque.</strong></span> 
     </span>
     <span class='ocr_line' id='line_1_12' title="bbox 244 1849 979 1930; baseline 0 -16"><span class='ocrx_word' id='word_1_66' title='bbox 244 1851 314 1914; x_wconf 90' lang='lat' dir='ltr'><strong>lade</strong></span> <span class='ocrx_word' id='word_1_67' title='bbox 329 1850 572 1927; x_wconf 88' lang='lat' dir='ltr'><strong>Guenhomaram,</strong></span> <span class='ocrx_word' id='word_1_68' title='bbox 589 1849 678 1912; x_wconf 86' lang='lat' dir='ltr'><strong>Laoia</strong></span> <span class='ocrx_word' id='word_1_69' title='bbox 691 1849 728 1912; x_wconf 89' lang='lat' dir='ltr'><strong>de</strong></span> <span class='ocrx_word' id='word_1_70' title='bbox 742 1854 828 1930; x_wconf 89' lang='lat' dir='ltr'><strong>gente</strong></span> <span class='ocrx_word' id='word_1_71' title='bbox 843 1857 979 1930; x_wconf 85' lang='lat' dir='ltr'><strong>creatam,</strong></span> 
     </span>
     <span class='ocr_line' id='line_1_13' title="bbox 242 1971 909 2053; baseline -0.001 -18"><span class='ocrx_word' id='word_1_72' title='bbox 242 1973 330 2036; x_wconf 83' lang='lat' dir='ltr'><strong>Ducit</strong></span> <span class='ocrx_word' id='word_1_73' title='bbox 343 1973 374 2035; x_wconf 93' lang='lat' dir='ltr'><strong>in</strong></span> <span class='ocrx_word' id='word_1_74' title='bbox 388 1991 517 2047; x_wconf 84' lang='lat' dir='ltr'><strong>uxorem,</strong></span> <span class='ocrx_word' id='word_1_75' title='bbox 533 1971 619 2053; x_wconf 88' lang='lat' dir='ltr'><strong>cujus</strong></span> <span class='ocrx_word' id='word_1_76' title='bbox 632 1971 761 2053; x_wconf 86' lang='lat' dir='ltr'><strong>preclara</strong></span> <span class='ocrx_word' id='word_1_77' title='bbox 775 1971 909 2034; x_wconf 89' lang='lat' dir='ltr'><strong>decorem</strong></span> 
     </span>
     <span class='ocr_line' id='line_1_14' title="bbox 242 2090 909 2166; baseline -0.003 -12"><span class='ocrx_word' id='word_1_78' title='bbox 242 2091 347 2154; x_wconf 82' lang='lat' dir='ltr'><strong>Sidera</strong></span> <span class='ocrx_word' id='word_1_79' title='bbox 361 2091 511 2166; x_wconf 91' lang='lat' dir='ltr'><strong>mirantur,</strong></span> <span class='ocrx_word' id='word_1_80' title='bbox 527 2090 573 2152; x_wconf 93' lang='lat' dir='ltr'><strong>cui</strong></span> <span class='ocrx_word' id='word_1_81' title='bbox 588 2090 657 2153; x_wconf 90' lang='lat' dir='ltr'><strong>solis</strong></span> <span class='ocrx_word' id='word_1_82' title='bbox 670 2090 779 2154; x_wconf 89' lang='lat' dir='ltr'><strong>lumina</strong></span> <span class='ocrx_word' id='word_1_83' title='bbox 792 2091 909 2154; x_wconf 88' lang='lat' dir='ltr'><strong>cedunt.</strong></span> 
     </span>
    </p>

    <p class='ocr_par' dir='ltr' id='par_1_3' title="bbox 237 2209 1037 3139">
     <span class='ocr_line' id='line_1_15' title="bbox 281 2209 1037 2295; baseline 0.004 -21"><span class='ocrx_word' id='word_1_84' title='bbox 281 2211 342 2274; x_wconf 90' lang='lat' dir='ltr'><strong>lliis</strong></span> <span class='ocrx_word' id='word_1_85' title='bbox 356 2212 397 2274; x_wconf 90' lang='lat' dir='ltr'><strong>ita</strong></span> <span class='ocrx_word' id='word_1_86' title='bbox 411 2209 570 2293; x_wconf 85' lang='lat' dir='ltr'><strong>dispositis,</strong></span> <span class='ocrx_word' id='word_1_87' title='bbox 586 2211 615 2274; x_wconf 96' lang='lat' dir='ltr'><strong>in</strong></span> <span class='ocrx_word' id='word_1_88' title='bbox 628 2229 750 2292; x_wconf 78' lang='lat' dir='ltr'><strong>reguum</strong></span> <span class='ocrx_word' id='word_1_89' title='bbox 764 2211 857 2274; x_wconf 88' lang='lat' dir='ltr'><strong>tendit</strong></span> <span class='ocrx_word' id='word_1_90' title='bbox 870 2215 1037 2295; x_wconf 80' lang='lat' dir='ltr'><strong>Hyberuum</strong></span> 
     </span>
     <span class='ocr_line' id='line_1_16' title="bbox 241 2333 946 2415; baseline 0.003 -21"><span class='ocrx_word' id='word_1_91' title='bbox 241 2333 365 2415; x_wconf 88' lang='lat' dir='ltr'><strong>lmpiger</strong></span> <span class='ocrx_word' id='word_1_92' title='bbox 379 2333 516 2410; x_wconf 76' lang='lat' dir='ltr'><strong>Arlurus,</strong></span> <span class='ocrx_word' id='word_1_93' title='bbox 531 2349 679 2412; x_wconf 86' lang='lat' dir='ltr'><strong>regnoque</strong></span> <span class='ocrx_word' id='word_1_94' title='bbox 693 2336 722 2396; x_wconf 91' lang='lat' dir='ltr'><strong>et</strong></span> <span class='ocrx_word' id='word_1_95' title='bbox 735 2351 806 2414; x_wconf 82' lang='lat' dir='ltr'><strong>rego</strong></span> <span class='ocrx_word' id='word_1_96' title='bbox 818 2335 946 2397; x_wconf 88' lang='lat' dir='ltr'><strong>subactis</strong></span> 
     </span>
     <span class='ocr_line' id='line_1_17' title="bbox 241 2453 938 2536; baseline 0.001 -20"><span class='ocrx_word' id='word_1_97' title='bbox 241 2454 422 2517; x_wconf 89' lang='lat' dir='ltr'><strong>lrlandrense</strong></span> <span class='ocrx_word' id='word_1_98' title='bbox 435 2455 509 2536; x_wconf 90' lang='lat' dir='ltr'><strong>petit</strong></span> <span class='ocrx_word' id='word_1_99' title='bbox 521 2472 653 2535; x_wconf 92' lang='lat' dir='ltr'><strong>regnum,</strong></span> <span class='ocrx_word' id='word_1_100' title='bbox 666 2453 785 2535; x_wconf 89' lang='lat' dir='ltr'><strong>jurique</strong></span> <span class='ocrx_word' id='word_1_101' title='bbox 799 2454 938 2517; x_wconf 80' lang='lat' dir='ltr'><strong>Britanno</strong></span> 
     </span>
     <span class='ocr_line' id='line_1_18' title="bbox 239 2573 985 2656; baseline 0.001 -20"><span class='ocrx_word' id='word_1_102' title='bbox 239 2573 376 2636; x_wconf 86' lang='lat' dir='ltr'><strong>Vindicat</strong></span> <span class='ocrx_word' id='word_1_103' title='bbox 389 2577 419 2635; x_wconf 91' lang='lat' dir='ltr'><strong>et</strong></span> <span class='ocrx_word' id='word_1_104' title='bbox 431 2573 540 2636; x_wconf 89' lang='lat' dir='ltr'><strong>subdit.</strong></span> <span class='ocrx_word' id='word_1_105' title='bbox 583 2573 671 2654; x_wconf 83' lang='lat' dir='ltr'><strong>Regis</strong></span> <span class='ocrx_word' id='word_1_106' title='bbox 684 2575 802 2654; x_wconf 83' lang='lat' dir='ltr'><strong>vulgata</strong></span> <span class='ocrx_word' id='word_1_107' title='bbox 815 2575 985 2656; x_wconf 87' lang='lat' dir='ltr'><strong>propinquis</strong></span> 
     </span>
     <span class='ocr_line' id='line_1_19' title="bbox 239 2693 1023 2775; baseline 0.001 -18"><span class='ocrx_word' id='word_1_108' title='bbox 239 2696 325 2757; x_wconf 80' lang='lat' dir='ltr'><strong>Fama</strong></span> <span class='ocrx_word' id='word_1_109' title='bbox 338 2697 445 2756; x_wconf 86' lang='lat' dir='ltr'><strong>rnatum</strong></span> <span class='ocrx_word' id='word_1_110' title='bbox 460 2698 580 2774; x_wconf 89' lang='lat' dir='ltr'><strong>generat</strong></span> <span class='ocrx_word' id='word_1_111' title='bbox 592 2693 709 2774; x_wconf 81' lang='lat' dir='ltr'><strong>regnis3</strong></span> <span class='ocrx_word' id='word_1_112' title='bbox 725 2697 755 2755; x_wconf 88' lang='lat' dir='ltr'><strong>et</strong></span> <span class='ocrx_word' id='word_1_113' title='bbox 767 2698 871 2775; x_wconf 86' lang='lat' dir='ltr'><strong>sponte</strong></span> <span class='ocrx_word' id='word_1_114' title='bbox 886 2695 1023 2758; x_wconf 89' lang='lat' dir='ltr'><strong>tribulum</strong></span> 
     </span>
     <span class='ocr_line' id='line_1_20' title="bbox 239 2814 898 2897; baseline 0.002 -21"><span class='ocrx_word' id='word_1_115' title='bbox 239 2815 440 2878; x_wconf 71' lang='lat' dir='ltr'><strong>pollicitantur</strong></span> <span class='ocrx_word' id='word_1_116' title='bbox 454 2814 493 2892; x_wconf 87' lang='lat' dir='ltr'><strong>ei,</strong></span> <span class='ocrx_word' id='word_1_117' title='bbox 509 2835 545 2876; x_wconf 94' lang='lat' dir='ltr'><strong>ne</strong></span> <span class='ocrx_word' id='word_1_118' title='bbox 559 2815 587 2876; x_wconf 82' lang='lat' dir='ltr'><strong>ri</strong></span> <span class='ocrx_word' id='word_1_119' title='bbox 601 2819 775 2897; x_wconf 86' lang='lat' dir='ltr'><strong>superentur</strong></span> <span class='ocrx_word' id='word_1_120' title='bbox 788 2815 825 2877; x_wconf 92' lang='lat' dir='ltr'><strong>ab</strong></span> <span class='ocrx_word' id='word_1_121' title='bbox 838 2815 898 2877; x_wconf 92' lang='lat' dir='ltr'><strong>illo.</strong></span> 
     </span>
     <span class='ocr_line' id='line_1_21' title="bbox 238 2935 980 3018; baseline -0.001 -19"><span class='ocrx_word' id='word_1_122' title='bbox 238 2937 373 2999; x_wconf 84' lang='lat' dir='ltr'><strong>Partibus</strong></span> <span class='ocrx_word' id='word_1_123' title='bbox 386 2935 515 3000; x_wconf 87' lang='lat' dir='ltr'><strong>occiduis</strong></span> <span class='ocrx_word' id='word_1_124' title='bbox 529 2940 588 2998; x_wconf 82' lang='lat' dir='ltr'><strong>tam</strong></span> <span class='ocrx_word' id='word_1_125' title='bbox 602 2936 630 2997; x_wconf 89' lang='lat' dir='ltr'><strong>vi</strong></span> <span class='ocrx_word' id='word_1_126' title='bbox 643 2941 701 2999; x_wconf 86' lang='lat' dir='ltr'><strong>tam</strong></span> <span class='ocrx_word' id='word_1_127' title='bbox 715 2940 819 3018; x_wconf 85' lang='lat' dir='ltr'><strong>sponte</strong></span> <span class='ocrx_word' id='word_1_128' title='bbox 833 2936 980 3000; x_wconf 89' lang='lat' dir='ltr'><strong>Britannis</strong></span> 
     </span>
     <span class='ocr_line' id='line_1_22' title="bbox 237 3056 971 3139; baseline -0.001 -18"><span class='ocrx_word' id='word_1_129' title='bbox 237 3056 402 3138; x_wconf 85' lang='lat' dir='ltr'><strong>Subpositis</strong></span> <span class='ocrx_word' id='word_1_130' title='bbox 413 3056 486 3138; x_wconf 85' lang='lat' dir='ltr'><strong>juri,</strong></span> <span class='ocrx_word' id='word_1_131' title='bbox 503 3057 612 3138; x_wconf 91' lang='lat' dir='ltr'><strong>populo</strong></span> <span class='ocrx_word' id='word_1_132' title='bbox 627 3057 767 3118; x_wconf 86' lang='lat' dir='ltr'><strong>clemente</strong></span> <span class='ocrx_word' id='word_1_133' title='bbox 781 3057 971 3139; x_wconf 89' lang='lat' dir='ltr'><strong>triumphum,</strong></span> 
     </span>
    </p>
   </div>
   <div class='ocr_carea' id='block_1_3' title="bbox 237 3177 966 3259">
    <p class='ocr_par' dir='ltr' id='par_1_4' title="bbox 237 3177 966 3259">
     <span class='ocr_line' id='line_1_23' title="bbox 237 3177 966 3259; baseline 0.003 -21"><span class='ocrx_word' id='word_1_134' title='bbox 237 3179 268 3239; x_wconf 91' lang='lat' dir='ltr'><strong>lu</strong></span> <span class='ocrx_word' id='word_1_135' title='bbox 282 3177 405 3259; x_wconf 87' lang='lat' dir='ltr'><strong>patriam</strong></span> <span class='ocrx_word' id='word_1_136' title='bbox 418 3197 470 3239; x_wconf 85' lang='lat' dir='ltr'><strong>rer</strong></span> <span class='ocrx_word' id='word_1_137' title='bbox 483 3177 658 3257; x_wconf 79' lang='lat' dir='ltr'><strong>regreditur,</strong></span> <span class='ocrx_word' id='word_1_138' title='bbox 673 3195 853 3258; x_wconf 80' lang='lat' dir='ltr'><strong>regnumque</strong></span> <span class='ocrx_word' id='word_1_139' title='bbox 867 3178 966 3258; x_wconf 86' lang='lat' dir='ltr'><strong>quieta</strong></span> 
     </span>
    </p>
   </div>
   <div class='ocr_carea' id='block_1_4' title="bbox 233 3299 1059 4223">
    <p class='ocr_par' dir='ltr' id='par_1_5' title="bbox 233 3299 1059 4223">
     <span class='ocr_line' id='line_1_24' title="bbox 236 3299 909 3378; baseline 0.001 -17"><span class='ocrx_word' id='word_1_140' title='bbox 236 3301 311 3361; x_wconf 85' lang='lat' dir='ltr'><strong>Pace</strong></span> <span class='ocrx_word' id='word_1_141' title='bbox 324 3299 394 3361; x_wconf 87' lang='lat' dir='ltr'><strong>lacit</strong></span> <span class='ocrx_word' id='word_1_142' title='bbox 405 3299 533 3378; x_wconf 74' lang='lat' dir='ltr'><strong>gaudem</strong></span> <span class='ocrx_word' id='word_1_143' title='bbox 547 3299 608 3361; x_wconf 84' lang='lat' dir='ltr'><strong>lere</strong></span> <span class='ocrx_word' id='word_1_144' title='bbox 621 3303 666 3360; x_wconf 89' lang='lat' dir='ltr'><strong>ter</strong></span> <span class='ocrx_word' id='word_1_145' title='bbox 679 3303 803 3378; x_wconf 91' lang='lat' dir='ltr'><strong>quatuor</strong></span> <span class='ocrx_word' id='word_1_146' title='bbox 817 3299 909 3362; x_wconf 90' lang='lat' dir='ltr'><strong>aunis.</strong></span> 
     </span>
     <span class='ocr_line' id='line_1_25' title="bbox 235 3419 960 3501; baseline 0.003 -19"><span class='ocrx_word' id='word_1_147' title='bbox 235 3420 381 3483; x_wconf 87' lang='lat' dir='ltr'><strong>Nobilium</strong></span> <span class='ocrx_word' id='word_1_148' title='bbox 394 3419 506 3482; x_wconf 88' lang='lat' dir='ltr'><strong>interea</strong></span> <span class='ocrx_word' id='word_1_149' title='bbox 519 3421 556 3483; x_wconf 90' lang='lat' dir='ltr'><strong>de</strong></span> <span class='ocrx_word' id='word_1_150' title='bbox 571 3424 830 3501; x_wconf 87' lang='lat' dir='ltr'><strong>quantumcumque</strong></span> <span class='ocrx_word' id='word_1_151' title='bbox 844 3423 960 3484; x_wconf 87' lang='lat' dir='ltr'><strong>remotis</strong></span> 
     </span>
     <span class='ocr_line' id='line_1_26' title="bbox 235 3540 1014 3622; baseline 0.004 -18"><span class='ocrx_word' id='word_1_152' title='bbox 235 3541 371 3604; x_wconf 87' lang='lat' dir='ltr'><strong>Partibus</strong></span> <span class='ocrx_word' id='word_1_153' title='bbox 384 3540 549 3604; x_wconf 83' lang='lat' dir='ltr'><strong>adveniunt.</strong></span> <span class='ocrx_word' id='word_1_154' title='bbox 592 3543 607 3604; x_wconf 90' lang='lat' dir='ltr'>J</span> <span class='ocrx_word' id='word_1_155' title='bbox 610 3561 717 3605; x_wconf 86' lang='lat' dir='ltr'><strong>uveues</strong></span> <span class='ocrx_word' id='word_1_156' title='bbox 730 3562 780 3604; x_wconf 87' lang='lat' dir='ltr'><strong>rex</strong></span> <span class='ocrx_word' id='word_1_157' title='bbox 793 3543 867 3606; x_wconf 90' lang='lat' dir='ltr'><strong>letus</strong></span> <span class='ocrx_word' id='word_1_158' title='bbox 880 3545 1014 3622; x_wconf 86' lang='lat' dir='ltr'><strong>honorat,</strong></span> 
     </span>
     <span class='ocr_line' id='line_1_27' title="bbox 234 3661 1033 3744; baseline 0.004 -21"><span class='ocrx_word' id='word_1_159' title='bbox 234 3661 499 3742; x_wconf 84' lang='lat' dir='ltr'><strong>Neoptolemosque</strong></span> <span class='ocrx_word' id='word_1_160' title='bbox 513 3662 591 3739; x_wconf 84' lang='lat' dir='ltr'><strong>lacit,</strong></span> <span class='ocrx_word' id='word_1_161' title='bbox 608 3666 637 3724; x_wconf 92' lang='lat' dir='ltr'><strong>et</strong></span> <span class='ocrx_word' id='word_1_162' title='bbox 651 3663 733 3743; x_wconf 89' lang='lat' dir='ltr'><strong>equis</strong></span> <span class='ocrx_word' id='word_1_163' title='bbox 746 3663 891 3744; x_wconf 90' lang='lat' dir='ltr'><strong>armisque</strong></span> <span class='ocrx_word' id='word_1_164' title='bbox 905 3665 1033 3744; x_wconf 84' lang='lat' dir='ltr'><strong>decorat,</strong></span> 
     </span>
     <span class='ocr_line' id='line_1_28' title="bbox 233 3781 953 3868; baseline 0.004 -24"><span class='ocrx_word' id='word_1_165' title='bbox 233 3781 457 3862; x_wconf 76' lang='lat' dir='ltr'><strong>Muneribusque</strong></span> <span class='ocrx_word' id='word_1_166' title='bbox 471 3781 547 3844; x_wconf 90' lang='lat' dir='ltr'><strong>dalis</strong></span> <span class='ocrx_word' id='word_1_167' title='bbox 561 3782 645 3845; x_wconf 86' lang='lat' dir='ltr'><strong>ditat.</strong></span> <span class='ocrx_word' id='word_1_168' title='bbox 687 3783 874 3848; x_wconf 90' lang='lat' dir='ltr'><strong>Venientibus</strong></span> <span class='ocrx_word' id='word_1_169' title='bbox 887 3785 953 3868; x_wconf 83' lang='lat' dir='ltr'><strong>ejus</strong></span> 
     </span>
     <span class='ocr_line' id='line_1_29' title="bbox 235 3901 1059 3987; baseline 0.005 -22"><span class='ocrx_word' id='word_1_170' title='bbox 235 3901 376 3965; x_wconf 91' lang='lat' dir='ltr'><strong>Omnibus</strong></span> <span class='ocrx_word' id='word_1_171' title='bbox 390 3903 455 3964; x_wconf 87' lang='lat' dir='ltr'><strong>aule</strong></span> <span class='ocrx_word' id='word_1_172' title='bbox 468 3907 559 3983; x_wconf 85' lang='lat' dir='ltr'><strong>patet,</strong></span> <span class='ocrx_word' id='word_1_173' title='bbox 575 3923 628 3965; x_wconf 91' lang='lat' dir='ltr'><strong>nec</strong></span> <span class='ocrx_word' id='word_1_174' title='bbox 641 3904 772 3983; x_wconf 90' lang='lat' dir='ltr'><strong>queritur</strong></span> <span class='ocrx_word' id='word_1_175' title='bbox 785 3904 861 3966; x_wconf 87' lang='lat' dir='ltr'><strong>unde</strong></span> <span class='ocrx_word' id='word_1_176' title='bbox 875 3907 918 3967; x_wconf 86' lang='lat' dir='ltr'><strong>vel</strong></span> <span class='ocrx_word' id='word_1_177' title='bbox 933 3906 971 3968; x_wconf 92' lang='lat' dir='ltr'><strong>ad</strong></span> <span class='ocrx_word' id='word_1_178' title='bbox 988 3907 1059 3987; x_wconf 90' lang='lat' dir='ltr'><strong>quid</strong></span> 
     </span>
     <span class='ocr_line' id='line_1_30' title="bbox 234 4022 1040 4105; baseline 0.004 -20"><span class='ocrx_word' id='word_1_179' title='bbox 234 4023 308 4096; x_wconf 85' lang='lat' dir='ltr'><strong>Quis</strong></span> <span class='ocrx_word' id='word_1_180' title='bbox 320 4022 428 4084; x_wconf 83' lang='lat' dir='ltr'><strong>veniat.</strong></span> <span class='ocrx_word' id='word_1_181' title='bbox 471 4022 564 4085; x_wconf 88' lang='lat' dir='ltr'><strong>Nicbil</strong></span> <span class='ocrx_word' id='word_1_182' title='bbox 577 4025 737 4105; x_wconf 87' lang='lat' dir='ltr'><strong>proprium,</strong></span> <span class='ocrx_word' id='word_1_183' title='bbox 754 4026 915 4088; x_wconf 90' lang='lat' dir='ltr'><strong>communia</strong></span> <span class='ocrx_word' id='word_1_184' title='bbox 928 4033 1040 4088; x_wconf 86' lang='lat' dir='ltr'><strong>cuncta.</strong></span> 
     </span>
     <span class='ocr_line' id='line_1_31' title="bbox 233 4145 955 4223; baseline 0.001 -17"><span class='ocrx_word' id='word_1_185' title='bbox 233 4145 293 4206; x_wconf 84' lang='lat' dir='ltr'><strong>Rex</strong></span> <span class='ocrx_word' id='word_1_186' title='bbox 307 4161 409 4223; x_wconf 85' lang='lat' dir='ltr'><strong>regum</strong></span> <span class='ocrx_word' id='word_1_187' title='bbox 423 4146 534 4206; x_wconf 90' lang='lat' dir='ltr'><strong>tantum</strong></span> <span class='ocrx_word' id='word_1_188' title='bbox 548 4149 645 4207; x_wconf 80' lang='lat' dir='ltr'><strong>servat</strong></span> <span class='ocrx_word' id='word_1_189' title='bbox 657 4145 712 4208; x_wconf 91' lang='lat' dir='ltr'><strong>sibi</strong></span> <span class='ocrx_word' id='word_1_190' title='bbox 726 4145 848 4210; x_wconf 92' lang='lat' dir='ltr'><strong>nominis</strong></span> <span class='ocrx_word' id='word_1_191' title='bbox 862 4165 955 4209; x_wconf 91' lang='lat' dir='ltr'><strong>usum.</strong></span> 
     </span>
    </p>
   </div>
   <div class='ocr_carea' id='block_1_5' title="bbox 0 0 1618 5168">
    <p class='ocr_par' dir='ltr' id='par_1_6' title="bbox 0 0 1618 5168">
     <span class='ocr_line' id='line_1_32' title="bbox 0 0 1618 5168; baseline 0 5"><span class='ocrx_word' id='word_1_192' title='bbox 0 0 1618 5168; x_wconf 95' lang='lat' dir='ltr'><strong> </strong></span> 
     </span>
    </p>
   </div>
  </div>
 </body>
</html>
