<?xml version="1.0" encoding="UTF-8"?>
<!DOCTYPE html PUBLIC "-//W3C//DTD XHTML 1.0 Transitional//EN"
    "http://www.w3.org/TR/xhtml1/DTD/xhtml1-transitional.dtd">
<html xmlns="http://www.w3.org/1999/xhtml" xml:lang="en" lang="en">
 <head>
  <title>
</title>
<meta http-equiv="Content-Type" content="text/html;charset=utf-8" />
  <meta name='ocr-system' content='tesseract 3.04.00' />
  <meta name='ocr-capabilities' content='ocr_page ocr_carea ocr_par ocr_line ocrx_word'/>
</head>
<body>
  <div class='ocr_page' id='page_1' title='image "./gestaregumbrita00assogoog_0170.png"; bbox 0 0 3226 5168; ppageno 0'>
   <div class='ocr_carea' id='block_1_1' title="bbox 186 579 990 1614">
    <p class='ocr_par' dir='ltr' id='par_1_1' title="bbox 186 579 990 1614">
     <span class='ocr_line' id='line_1_1' title="bbox 585 579 833 627; baseline 0.004 -4"><span class='ocrx_word' id='word_1_1' title='bbox 585 579 689 624; x_wconf 82' lang='lat' dir='ltr'><strong>urana</strong></span> <span class='ocrx_word' id='word_1_2' title='bbox 710 581 833 627; x_wconf 85' lang='lat' dir='ltr'><strong>nouus.</strong></span> 
     </span>
     <span class='ocr_line' id='line_1_2' title="bbox 195 685 990 771; baseline 0.009 -26"><span class='ocrx_word' id='word_1_3' title='bbox 195 685 270 747; x_wconf 89' lang='lat' dir='ltr'><strong>Dum</strong></span> <span class='ocrx_word' id='word_1_4' title='bbox 285 685 348 748; x_wconf 80' lang='lat' dir='ltr'><strong>vult</strong></span> <span class='ocrx_word' id='word_1_5' title='bbox 361 687 465 750; x_wconf 88' lang='lat' dir='ltr'><strong>usoisci</strong></span> <span class='ocrx_word' id='word_1_6' title='bbox 480 687 564 768; x_wconf 82' lang='lat' dir='ltr'><strong>(sio),</strong></span> <span class='ocrx_word' id='word_1_7' title='bbox 581 687 671 750; x_wconf 87' lang='lat' dir='ltr'><strong>Keius</strong></span> <span class='ocrx_word' id='word_1_8' title='bbox 685 689 739 751; x_wconf 87' lang='lat' dir='ltr'><strong>snb</strong></span> <span class='ocrx_word' id='word_1_9' title='bbox 753 695 871 771; x_wconf 80' lang='lat' dir='ltr'>pectore</span> <span class='ocrx_word' id='word_1_10' title='bbox 885 691 990 754; x_wconf 90' lang='lat' dir='ltr'><strong>vulnus</strong></span> 
     </span>
     <span class='ocr_line' id='line_1_3' title="bbox 194 805 926 891; baseline 0.008 -25"><span class='ocrx_word' id='word_1_11' title='bbox 194 805 349 868; x_wconf 80' lang='lat' dir='ltr'><strong>Letiferam</strong></span> <span class='ocrx_word' id='word_1_12' title='bbox 364 806 480 888; x_wconf 80' lang='lat' dir='ltr'><strong>recipit3</strong></span> <span class='ocrx_word' id='word_1_13' title='bbox 499 807 598 870; x_wconf 71' lang='lat' dir='ltr'><strong>libies</strong></span> <span class='ocrx_word' id='word_1_14' title='bbox 612 813 705 871; x_wconf 85' lang='lat' dir='ltr'><strong>tamen</strong></span> <span class='ocrx_word' id='word_1_15' title='bbox 721 809 835 890; x_wconf 81' lang='lat' dir='ltr'><strong>agmina</strong></span> <span class='ocrx_word' id='word_1_16' title='bbox 849 811 926 891; x_wconf 87' lang='lat' dir='ltr'><strong>regis</strong></span> 
     </span>
     <span class='ocr_line' id='line_1_4' title="bbox 192 926 891 1008; baseline 0.007 -22"><span class='ocrx_word' id='word_1_17' title='bbox 192 926 370 1007; x_wconf 90' lang='lat' dir='ltr'><strong>lrrumpens,</strong></span> <span class='ocrx_word' id='word_1_18' title='bbox 387 926 457 989; x_wconf 92' lang='lat' dir='ltr'><strong>socii</strong></span> <span class='ocrx_word' id='word_1_19' title='bbox 471 928 608 990; x_wconf 73' lang='lat' dir='ltr'><strong>transfert</strong></span> <span class='ocrx_word' id='word_1_20' title='bbox 622 945 753 1008; x_wconf 79' lang='lat' dir='ltr'><strong>exangue</strong></span> <span class='ocrx_word' id='word_1_21' title='bbox 768 929 891 992; x_wconf 87' lang='lat' dir='ltr'><strong>cadaver</strong></span> 
     </span>
     <span class='ocr_line' id='line_1_5' title="bbox 190 1045 883 1129; baseline 0.009 -24"><span class='ocrx_word' id='word_1_22' title='bbox 190 1045 236 1106; x_wconf 80' lang='lat' dir='ltr'><strong>Ad</strong></span> <span class='ocrx_word' id='word_1_23' title='bbox 251 1045 360 1108; x_wconf 84' lang='lat' dir='ltr'><strong>vultum</strong></span> <span class='ocrx_word' id='word_1_24' title='bbox 376 1046 486 1122; x_wconf 78' lang='lat' dir='ltr'><strong>Artori,</strong></span> <span class='ocrx_word' id='word_1_25' title='bbox 501 1067 558 1110; x_wconf 90' lang='lat' dir='ltr'><strong>non</strong></span> <span class='ocrx_word' id='word_1_26' title='bbox 572 1048 692 1110; x_wconf 87' lang='lat' dir='ltr'><strong>multum</strong></span> <span class='ocrx_word' id='word_1_27' title='bbox 705 1048 820 1129; x_wconf 89' lang='lat' dir='ltr'><strong>longius</strong></span> <span class='ocrx_word' id='word_1_28' title='bbox 834 1048 883 1112; x_wconf 92' lang='lat' dir='ltr'><strong>illo</strong></span> 
     </span>
     <span class='ocr_line' id='line_1_6' title="bbox 189 1165 928 1252; baseline 0.008 -25"><span class='ocrx_word' id='word_1_29' title='bbox 189 1165 339 1229; x_wconf 81' lang='lat' dir='ltr'><strong>Victurus.</strong></span> <span class='ocrx_word' id='word_1_30' title='bbox 383 1170 491 1232; x_wconf 89' lang='lat' dir='ltr'><strong>Luctus</strong></span> <span class='ocrx_word' id='word_1_31' title='bbox 507 1169 599 1232; x_wconf 90' lang='lat' dir='ltr'><strong>oritur</strong></span> <span class='ocrx_word' id='word_1_32' title='bbox 612 1189 666 1251; x_wconf 92' lang='lat' dir='ltr'><strong>per</strong></span> <span class='ocrx_word' id='word_1_33' title='bbox 678 1174 774 1232; x_wconf 86' lang='lat' dir='ltr'><strong>eastra</strong></span> <span class='ocrx_word' id='word_1_34' title='bbox 788 1170 928 1252; x_wconf 90' lang='lat' dir='ltr'><strong>dolorque</strong></span> 
     </span>
     <span class='ocr_line' id='line_1_7' title="bbox 188 1287 884 1363; baseline 0.011 -17"><span class='ocrx_word' id='word_1_35' title='bbox 188 1287 224 1348; x_wconf 86' lang='lat' dir='ltr'><strong>Et</strong></span> <span class='ocrx_word' id='word_1_36' title='bbox 237 1289 359 1363; x_wconf 88' lang='lat' dir='ltr'><strong>clamor;</strong></span> <span class='ocrx_word' id='word_1_37' title='bbox 376 1289 427 1351; x_wconf 89' lang='lat' dir='ltr'><strong>sed</strong></span> <span class='ocrx_word' id='word_1_38' title='bbox 443 1309 493 1352; x_wconf 88' lang='lat' dir='ltr'><strong>eos</strong></span> <span class='ocrx_word' id='word_1_39' title='bbox 508 1290 618 1352; x_wconf 86' lang='lat' dir='ltr'><strong>instans</strong></span> <span class='ocrx_word' id='word_1_40' title='bbox 634 1291 797 1354; x_wconf 83' lang='lat' dir='ltr'><strong>certaminis</strong></span> <span class='ocrx_word' id='word_1_41' title='bbox 811 1292 884 1354; x_wconf 85' lang='lat' dir='ltr'><strong>hora</strong></span> 
     </span>
     <span class='ocr_line' id='line_1_8' title="bbox 187 1408 915 1494; baseline 0.01 -25"><span class='ocrx_word' id='word_1_42' title='bbox 187 1408 252 1470; x_wconf 88' lang='lat' dir='ltr'><strong>Non</strong></span> <span class='ocrx_word' id='word_1_43' title='bbox 267 1409 377 1490; x_wconf 88' lang='lat' dir='ltr'><strong>patitur</strong></span> <span class='ocrx_word' id='word_1_44' title='bbox 391 1411 490 1490; x_wconf 90' lang='lat' dir='ltr'><strong>lugere</strong></span> <span class='ocrx_word' id='word_1_45' title='bbox 504 1410 570 1485; x_wconf 82' lang='lat' dir='ltr'><strong>diu3</strong></span> <span class='ocrx_word' id='word_1_46' title='bbox 588 1412 640 1474; x_wconf 89' lang='lat' dir='ltr'><strong>sed</strong></span> <span class='ocrx_word' id='word_1_47' title='bbox 654 1413 737 1474; x_wconf 80' lang='lat' dir='ltr'><strong>tortis</strong></span> <span class='ocrx_word' id='word_1_48' title='bbox 753 1414 915 1494; x_wconf 85' lang='lat' dir='ltr'><strong>Hyrelglas,</strong></span> 
     </span>
     <span class='ocr_line' id='line_1_9' title="bbox 186 1530 911 1614; baseline 0.008 -24"><span class='ocrx_word' id='word_1_49' title='bbox 186 1530 328 1592; x_wconf 85' lang='lat' dir='ltr'><strong>Strenuus</strong></span> <span class='ocrx_word' id='word_1_50' title='bbox 343 1531 390 1593; x_wconf 90' lang='lat' dir='ltr'><strong>ille</strong></span> <span class='ocrx_word' id='word_1_51' title='bbox 405 1551 496 1614; x_wconf 87' lang='lat' dir='ltr'><strong>nepos</strong></span> <span class='ocrx_word' id='word_1_52' title='bbox 512 1533 649 1608; x_wconf 88' lang='lat' dir='ltr'><strong>Bedueri,</strong></span> <span class='ocrx_word' id='word_1_53' title='bbox 665 1533 756 1596; x_wconf 85' lang='lat' dir='ltr'><strong>tristis</strong></span> <span class='ocrx_word' id='word_1_54' title='bbox 771 1539 801 1596; x_wconf 92' lang='lat' dir='ltr'><strong>et</strong></span> <span class='ocrx_word' id='word_1_55' title='bbox 813 1554 911 1596; x_wconf 87' lang='lat' dir='ltr'><strong>amens</strong></span> 
     </span>
    </p>
   </div>
   <div class='ocr_carea' id='block_1_2' title="bbox 186 1649 901 1745">
    <p class='ocr_par' dir='ltr' id='par_1_2' title="bbox 186 1649 901 1745">
     <span class='ocr_line' id='line_1_10' title="bbox 186 1649 901 1745; baseline 0.008 -34"><span class='ocrx_word' id='word_1_56' title='bbox 186 1649 233 1711; x_wconf 91' lang='lat' dir='ltr'><strong>Ob</strong></span> <span class='ocrx_word' id='word_1_57' title='bbox 248 1655 368 1712; x_wconf 88' lang='lat' dir='ltr'><strong>mortem</strong></span> <span class='ocrx_word' id='word_1_58' title='bbox 383 1652 490 1733; x_wconf 87' lang='lat' dir='ltr'><strong>patrui,</strong></span> <span class='ocrx_word' id='word_1_59' title='bbox 503 1652 627 1734; x_wconf 86' lang='lat' dir='ltr'><strong>juvenes</strong></span> <span class='ocrx_word' id='word_1_60' title='bbox 642 1653 671 1714; x_wconf 93' lang='lat' dir='ltr'><strong>in</strong></span> <span class='ocrx_word' id='word_1_61' title='bbox 686 1659 777 1745; x_wconf 84' lang='lat' dir='ltr'><strong>marte</strong></span> <span class='ocrx_word' id='word_1_62' title='bbox 791 1655 901 1717; x_wconf 82' lang='lat' dir='ltr'><strong>seroces</strong></span> 
     </span>
    </p>
   </div>
   <div class='ocr_carea' id='block_1_3' title="bbox 63 1769 1208 4244">
    <p class='ocr_par' dir='ltr' id='par_1_3' title="bbox 63 1769 1208 4244">
     <span class='ocr_line' id='line_1_11' title="bbox 184 1769 868 1850; baseline 0.01 -21"><span class='ocrx_word' id='word_1_63' title='bbox 184 1769 283 1849; x_wconf 79' lang='lat' dir='ltr'><strong>Eligit,</strong></span> <span class='ocrx_word' id='word_1_64' title='bbox 299 1775 328 1832; x_wconf 89' lang='lat' dir='ltr'><strong>et</strong></span> <span class='ocrx_word' id='word_1_65' title='bbox 342 1791 438 1833; x_wconf 90' lang='lat' dir='ltr'><strong>secum</strong></span> <span class='ocrx_word' id='word_1_66' title='bbox 453 1771 563 1834; x_wconf 89' lang='lat' dir='ltr'><strong>ducens</strong></span> <span class='ocrx_word' id='word_1_67' title='bbox 578 1773 606 1834; x_wconf 89' lang='lat' dir='ltr'><strong>in</strong></span> <span class='ocrx_word' id='word_1_68' title='bbox 621 1773 696 1836; x_wconf 89' lang='lat' dir='ltr'><strong>bello</strong></span> <span class='ocrx_word' id='word_1_69' title='bbox 711 1778 868 1850; x_wconf 85' lang='lat' dir='ltr'><strong>trecentos,</strong></span> 
     </span>
     <span class='ocr_line' id='line_1_12' title="bbox 184 1891 844 1976; baseline 0.006 -24"><span class='ocrx_word' id='word_1_70' title='bbox 184 1891 326 1952; x_wconf 84' lang='lat' dir='ltr'><strong>Vexillum</strong></span> <span class='ocrx_word' id='word_1_71' title='bbox 340 1892 418 1972; x_wconf 74' lang='lat' dir='ltr'><strong>reg&#39;s</strong></span> <span class='ocrx_word' id='word_1_72' title='bbox 432 1893 525 1954; x_wconf 86' lang='lat' dir='ltr'><strong>Medio</strong></span> <span class='ocrx_word' id='word_1_73' title='bbox 540 1894 623 1974; x_wconf 87' lang='lat' dir='ltr'><strong>pctit,</strong></span> <span class='ocrx_word' id='word_1_74' title='bbox 639 1893 751 1976; x_wconf 82' lang='lat' dir='ltr'><strong>impetit</strong></span> <span class='ocrx_word' id='word_1_75' title='bbox 764 1915 844 1967; x_wconf 86' lang='lat' dir='ltr'><strong>ense,</strong></span> 
     </span>
     <span class='ocr_line' id='line_1_13' title="bbox 182 2011 950 2098; baseline 0.008 -26"><span class='ocrx_word' id='word_1_76' title='bbox 182 2011 291 2090; x_wconf 85' lang='lat' dir='ltr'><strong>Regem</strong></span> <span class='ocrx_word' id='word_1_77' title='bbox 306 2014 473 2093; x_wconf 80' lang='lat' dir='ltr'><strong>prosternit,</strong></span> <span class='ocrx_word' id='word_1_78' title='bbox 491 2014 606 2095; x_wconf 82' lang='lat' dir='ltr'><strong>perimit</strong></span> <span class='ocrx_word' id='word_1_79' title='bbox 620 2013 755 2095; x_wconf 87' lang='lat' dir='ltr'><strong>ducitque</strong></span> <span class='ocrx_word' id='word_1_80' title='bbox 770 2021 950 2098; x_wconf 87' lang='lat' dir='ltr'><strong>peremptum</strong></span> 
     </span>
     <span class='ocr_line' id='line_1_14' title="bbox 182 2131 913 2216; baseline 0.005 -24"><span class='ocrx_word' id='word_1_81' title='bbox 182 2131 229 2192; x_wconf 78' lang='lat' dir='ltr'><strong>Ad</strong></span> <span class='ocrx_word' id='word_1_82' title='bbox 243 2134 339 2213; x_wconf 89' lang='lat' dir='ltr'><strong>patrui</strong></span> <span class='ocrx_word' id='word_1_83' title='bbox 353 2153 469 2216; x_wconf 89' lang='lat' dir='ltr'><strong>corpas,</strong></span> <span class='ocrx_word' id='word_1_84' title='bbox 485 2140 634 2215; x_wconf 85' lang='lat' dir='ltr'><strong>totumque</strong></span> <span class='ocrx_word' id='word_1_85' title='bbox 649 2135 676 2196; x_wconf 90' lang='lat' dir='ltr'><strong>in</strong></span> <span class='ocrx_word' id='word_1_86' title='bbox 692 2136 785 2198; x_wconf 82' lang='lat' dir='ltr'><strong>frusta</strong></span> <span class='ocrx_word' id='word_1_87' title='bbox 797 2136 913 2212; x_wconf 84' lang='lat' dir='ltr'><strong>recidit,</strong></span> 
     </span>
     <span class='ocr_line' id='line_1_15' title="bbox 181 2253 891 2320; baseline 0.008 -8"><span class='ocrx_word' id='word_1_88' title='bbox 181 2253 217 2313; x_wconf 87' lang='lat' dir='ltr'><strong>Et</strong></span> <span class='ocrx_word' id='word_1_89' title='bbox 231 2257 328 2315; x_wconf 89' lang='lat' dir='ltr'><strong>monet</strong></span> <span class='ocrx_word' id='word_1_90' title='bbox 342 2253 409 2316; x_wconf 89' lang='lat' dir='ltr'><strong>inde</strong></span> <span class='ocrx_word' id='word_1_91' title='bbox 422 2273 492 2316; x_wconf 89' lang='lat' dir='ltr'><strong>suos</strong></span> <span class='ocrx_word' id='word_1_92' title='bbox 507 2254 641 2316; x_wconf 88' lang='lat' dir='ltr'><strong>invadere</strong></span> <span class='ocrx_word' id='word_1_93' title='bbox 655 2254 769 2316; x_wconf 78' lang='lat' dir='ltr'><strong>sortiter</strong></span> <span class='ocrx_word' id='word_1_94' title='bbox 782 2257 891 2320; x_wconf 86' lang='lat' dir='ltr'><strong>hostes.</strong></span> 
     </span>
     <span class='ocr_line' id='line_1_16' title="bbox 180 2374 937 2460; baseline 0.007 -25"><span class='ocrx_word' id='word_1_95' title='bbox 180 2374 324 2436; x_wconf 85' lang='lat' dir='ltr'><strong>lnvadunt</strong></span> <span class='ocrx_word' id='word_1_96' title='bbox 337 2379 525 2454; x_wconf 87' lang='lat' dir='ltr'><strong>sternuntque</strong></span> <span class='ocrx_word' id='word_1_97' title='bbox 539 2375 628 2449; x_wconf 85' lang='lat' dir='ltr'><strong>viros,</strong></span> <span class='ocrx_word' id='word_1_98' title='bbox 646 2379 814 2438; x_wconf 85' lang='lat' dir='ltr'><strong>sternuntur</strong></span> <span class='ocrx_word' id='word_1_99' title='bbox 827 2382 857 2438; x_wconf 88' lang='lat' dir='ltr'><strong>et</strong></span> <span class='ocrx_word' id='word_1_100' title='bbox 870 2377 937 2460; x_wconf 90' lang='lat' dir='ltr'><strong>ipsi.</strong></span> 
     </span>
     <span class='ocr_line' id='line_1_17' title="bbox 179 2495 913 2579; baseline 0.005 -23"><span class='ocrx_word' id='word_1_101' title='bbox 179 2496 240 2556; x_wconf 84' lang='lat' dir='ltr'><strong>Rex</strong></span> <span class='ocrx_word' id='word_1_102' title='bbox 256 2495 333 2557; x_wconf 87' lang='lat' dir='ltr'><strong>cadit</strong></span> <span class='ocrx_word' id='word_1_103' title='bbox 347 2496 507 2578; x_wconf 87' lang='lat' dir='ltr'><strong>Hyspanis,</strong></span> <span class='ocrx_word' id='word_1_104' title='bbox 522 2495 666 2558; x_wconf 88' lang='lat' dir='ltr'><strong>occumbit</strong></span> <span class='ocrx_word' id='word_1_105' title='bbox 680 2515 731 2558; x_wconf 83' lang='lat' dir='ltr'><strong>ren</strong></span> <span class='ocrx_word' id='word_1_106' title='bbox 746 2497 913 2579; x_wconf 85' lang='lat' dir='ltr'><strong>Babylonis,</strong></span> 
     </span>
     <span class='ocr_line' id='line_1_18' title="bbox 178 2616 876 2698; baseline 0.003 -20"><span class='ocrx_word' id='word_1_107' title='bbox 178 2618 294 2697; x_wconf 84' lang='lat' dir='ltr'><strong>Totque</strong></span> <span class='ocrx_word' id='word_1_108' title='bbox 308 2620 456 2678; x_wconf 83' lang='lat' dir='ltr'><strong>senatores</strong></span> <span class='ocrx_word' id='word_1_109' title='bbox 471 2620 500 2678; x_wconf 88' lang='lat' dir='ltr'><strong>et</strong></span> <span class='ocrx_word' id='word_1_110' title='bbox 513 2616 638 2698; x_wconf 84' lang='lat' dir='ltr'><strong>plurima</strong></span> <span class='ocrx_word' id='word_1_111' title='bbox 651 2617 737 2678; x_wconf 85' lang='lat' dir='ltr'><strong>turba</strong></span> <span class='ocrx_word' id='word_1_112' title='bbox 751 2617 876 2680; x_wconf 87' lang='lat' dir='ltr'><strong>virorum</strong></span> 
     </span>
     <span class='ocr_line' id='line_1_19' title="bbox 178 2735 926 2818; baseline 0.003 -20"><span class='ocrx_word' id='word_1_113' title='bbox 178 2735 298 2799; x_wconf 88' lang='lat' dir='ltr'><strong>Corruit</strong></span> <span class='ocrx_word' id='word_1_114' title='bbox 311 2756 346 2798; x_wconf 85' lang='lat' dir='ltr'><strong>ex</strong></span> <span class='ocrx_word' id='word_1_115' title='bbox 360 2736 463 2798; x_wconf 87' lang='lat' dir='ltr'><strong>Laciis.</strong></span> <span class='ocrx_word' id='word_1_116' title='bbox 506 2737 548 2798; x_wconf 82' lang='lat' dir='ltr'><strong>Ex</strong></span> <span class='ocrx_word' id='word_1_117' title='bbox 562 2736 669 2798; x_wconf 87' lang='lat' dir='ltr'><strong>nostris</strong></span> <span class='ocrx_word' id='word_1_118' title='bbox 685 2741 754 2798; x_wconf 76' lang='lat' dir='ltr'><strong>scrut</strong></span> <span class='ocrx_word' id='word_1_119' title='bbox 768 2735 827 2798; x_wconf 93' lang='lat' dir='ltr'><strong>dno</strong></span> <span class='ocrx_word' id='word_1_120' title='bbox 842 2757 926 2818; x_wconf 89' lang='lat' dir='ltr'><strong>reges</strong></span> 
     </span>
     <span class='ocr_line' id='line_1_20' title="bbox 177 2857 948 2939; baseline 0.005 -21"><span class='ocrx_word' id='word_1_121' title='bbox 177 2858 310 2936; x_wconf 58' lang='lat' dir='ltr'><strong>&#39;I‘rcsquc</strong></span> <span class='ocrx_word' id='word_1_122' title='bbox 325 2857 414 2919; x_wconf 90' lang='lat' dir='ltr'><strong>duces</strong></span> <span class='ocrx_word' id='word_1_123' title='bbox 429 2857 497 2932; x_wconf 85' lang='lat' dir='ltr'><strong>cesi,</strong></span> <span class='ocrx_word' id='word_1_124' title='bbox 514 2875 635 2936; x_wconf 85' lang='lat' dir='ltr'><strong>qnorum</strong></span> <span class='ocrx_word' id='word_1_125' title='bbox 650 2857 721 2918; x_wconf 86' lang='lat' dir='ltr'><strong>daut</strong></span> <span class='ocrx_word' id='word_1_126' title='bbox 734 2857 851 2936; x_wconf 88' lang='lat' dir='ltr'><strong>agmina</strong></span> <span class='ocrx_word' id='word_1_127' title='bbox 864 2864 948 2939; x_wconf 86' lang='lat' dir='ltr'><strong>terga</strong></span> 
     </span>
     <span class='ocr_line' id='line_1_21' title="bbox 176 2976 837 3057; baseline 0.002 -19"><span class='ocrx_word' id='word_1_128' title='bbox 176 2977 270 3040; x_wconf 90' lang='lat' dir='ltr'><strong>Versa</strong></span> <span class='ocrx_word' id='word_1_129' title='bbox 282 2978 363 3057; x_wconf 88' lang='lat' dir='ltr'><strong>iuge,</strong></span> <span class='ocrx_word' id='word_1_130' title='bbox 379 2977 453 3039; x_wconf 86' lang='lat' dir='ltr'><strong>cesis</strong></span> <span class='ocrx_word' id='word_1_131' title='bbox 467 2976 605 3052; x_wconf 85' lang='lat' dir='ltr'><strong>dominis;</strong></span> <span class='ocrx_word' id='word_1_132' title='bbox 621 2981 650 3038; x_wconf 90' lang='lat' dir='ltr'><strong>et</strong></span> <span class='ocrx_word' id='word_1_133' title='bbox 663 2977 741 3057; x_wconf 88' lang='lat' dir='ltr'><strong>regis</strong></span> <span class='ocrx_word' id='word_1_134' title='bbox 756 2978 837 3039; x_wconf 90' lang='lat' dir='ltr'><strong>lloeli</strong></span> 
     </span>
     <span class='ocr_line' id='line_1_22' title="bbox 178 3095 889 3177; baseline 0 -17"><span class='ocrx_word' id='word_1_135' title='bbox 178 3095 358 3177; x_wconf 89' lang='lat' dir='ltr'><strong>Galganique</strong></span> <span class='ocrx_word' id='word_1_136' title='bbox 372 3097 455 3160; x_wconf 87' lang='lat' dir='ltr'><strong>ducis</strong></span> <span class='ocrx_word' id='word_1_137' title='bbox 469 3097 634 3159; x_wconf 87' lang='lat' dir='ltr'><strong>comitatum</strong></span> <span class='ocrx_word' id='word_1_138' title='bbox 650 3097 889 3160; x_wconf 82' lang='lat' dir='ltr'><strong>concomitantur.</strong></span> 
     </span>
     <span class='ocr_line' id='line_1_23' title="bbox 177 3216 1208 3298; baseline 0.001 -18"><span class='ocrx_word' id='word_1_139' title='bbox 177 3217 258 3280; x_wconf 90' lang='lat' dir='ltr'><strong>Orba</strong></span> <span class='ocrx_word' id='word_1_140' title='bbox 272 3218 376 3279; x_wconf 86' lang='lat' dir='ltr'><strong>colrors</strong></span> <span class='ocrx_word' id='word_1_141' title='bbox 391 3216 514 3278; x_wconf 84' lang='lat' dir='ltr'><strong>dominis</strong></span> <span class='ocrx_word' id='word_1_142' title='bbox 528 3236 560 3279; x_wconf 90' lang='lat' dir='ltr'><strong>se</strong></span> <span class='ocrx_word' id='word_1_143' title='bbox 575 3217 691 3298; x_wconf 88' lang='lat' dir='ltr'><strong>copulat</strong></span> <span class='ocrx_word' id='word_1_144' title='bbox 704 3217 910 3294; x_wconf 84' lang='lat' dir='ltr'><strong>Armorioanis,</strong></span> <span class='ocrx_word' id='word_1_145' title='bbox 1146 3246 1208 3293; x_wconf 74' lang='lat'><strong>³990</strong></span> 
     </span>
     <span class='ocr_line' id='line_1_24' title="bbox 174 3337 1064 3418; baseline 0.006 -18"><span class='ocrx_word' id='word_1_146' title='bbox 174 3340 210 3400; x_wconf 87' lang='lat' dir='ltr'><strong>Et</strong></span> <span class='ocrx_word' id='word_1_147' title='bbox 223 3339 308 3400; x_wconf 92' lang='lat' dir='ltr'><strong>simul</strong></span> <span class='ocrx_word' id='word_1_148' title='bbox 321 3357 401 3400; x_wconf 85' lang='lat' dir='ltr'><strong>arma</strong></span> <span class='ocrx_word' id='word_1_149' title='bbox 414 3341 528 3418; x_wconf 87' lang='lat' dir='ltr'><strong>gerunt,</strong></span> <span class='ocrx_word' id='word_1_150' title='bbox 545 3337 630 3400; x_wconf 87' lang='lat' dir='ltr'><strong>simul</strong></span> <span class='ocrx_word' id='word_1_151' title='bbox 643 3337 761 3400; x_wconf 90' lang='lat' dir='ltr'><strong>instant.</strong></span> <span class='ocrx_word' id='word_1_152' title='bbox 806 3338 905 3401; x_wconf 88' lang='lat' dir='ltr'><strong>Turba</strong></span> <span class='ocrx_word' id='word_1_153' title='bbox 920 3339 1064 3412; x_wconf 86' lang='lat' dir='ltr'><strong>Quiritum</strong></span> 
     </span>
     <span class='ocr_line' id='line_1_25' title="bbox 175 3457 920 3538; baseline 0 -18"><span class='ocrx_word' id='word_1_154' title='bbox 175 3461 250 3520; x_wconf 84' lang='lat' dir='ltr'><strong>Ante</strong></span> <span class='ocrx_word' id='word_1_155' title='bbox 262 3460 367 3538; x_wconf 84' lang='lat' dir='ltr'><strong>fugans</strong></span> <span class='ocrx_word' id='word_1_156' title='bbox 381 3458 431 3520; x_wconf 88' lang='lat' dir='ltr'><strong>dat</strong></span> <span class='ocrx_word' id='word_1_157' title='bbox 444 3461 529 3537; x_wconf 86' lang='lat' dir='ltr'><strong>terga</strong></span> <span class='ocrx_word' id='word_1_158' title='bbox 541 3458 620 3538; x_wconf 81' lang='lat' dir='ltr'><strong>luge,</strong></span> <span class='ocrx_word' id='word_1_159' title='bbox 638 3476 694 3538; x_wconf 86' lang='lat' dir='ltr'><strong>que</strong></span> <span class='ocrx_word' id='word_1_160' title='bbox 708 3476 766 3519; x_wconf 92' lang='lat' dir='ltr'><strong>non</strong></span> <span class='ocrx_word' id='word_1_161' title='bbox 780 3457 920 3538; x_wconf 81' lang='lat' dir='ltr'><strong>fugiebat.</strong></span> 
     </span>
     <span class='ocr_line' id='line_1_26' title="bbox 175 3577 1042 3658; baseline 0.006 -19"><span class='ocrx_word' id='word_1_162' title='bbox 175 3579 246 3640; x_wconf 86' lang='lat' dir='ltr'><strong>Pars</strong></span> <span class='ocrx_word' id='word_1_163' title='bbox 259 3578 410 3641; x_wconf 85' lang='lat' dir='ltr'><strong>Britonum</strong></span> <span class='ocrx_word' id='word_1_164' title='bbox 423 3579 506 3658; x_wconf 84' lang='lat' dir='ltr'><strong>fugat</strong></span> <span class='ocrx_word' id='word_1_165' title='bbox 519 3577 686 3658; x_wconf 89' lang='lat' dir='ltr'><strong>llesperios,</strong></span> <span class='ocrx_word' id='word_1_166' title='bbox 702 3579 886 3657; x_wconf 87' lang='lat' dir='ltr'><strong>lacerantque</strong></span> <span class='ocrx_word' id='word_1_167' title='bbox 901 3584 1042 3644; x_wconf 79' lang='lat' dir='ltr'><strong>cateruas.</strong></span> 
     </span>
     <span class='ocr_line' id='line_1_27' title="bbox 174 3699 790 3774; baseline -0.003 -13"><span class='ocrx_word' id='word_1_168' title='bbox 174 3701 249 3762; x_wconf 86' lang='lat' dir='ltr'><strong>Ense</strong></span> <span class='ocrx_word' id='word_1_169' title='bbox 262 3701 337 3763; x_wconf 90' lang='lat' dir='ltr'><strong>viam</strong></span> <span class='ocrx_word' id='word_1_170' title='bbox 351 3700 483 3774; x_wconf 82' lang='lat' dir='ltr'><strong>faciente,</strong></span> <span class='ocrx_word' id='word_1_171' title='bbox 501 3699 551 3761; x_wconf 86' lang='lat' dir='ltr'><strong>viri</strong></span> <span class='ocrx_word' id='word_1_172' title='bbox 567 3699 715 3762; x_wconf 91' lang='lat' dir='ltr'><strong>conamine</strong></span> <span class='ocrx_word' id='word_1_173' title='bbox 729 3703 790 3760; x_wconf 86' lang='lat' dir='ltr'><strong>toto</strong></span> 
     </span>
     <span class='ocr_line' id='line_1_28' title="bbox 174 3818 890 3896; baseline -0.003 -14"><span class='ocrx_word' id='word_1_174' title='bbox 174 3821 219 3883; x_wconf 76' lang='lat' dir='ltr'><strong>ild</strong></span> <span class='ocrx_word' id='word_1_175' title='bbox 232 3825 355 3883; x_wconf 86' lang='lat' dir='ltr'><strong>turmam</strong></span> <span class='ocrx_word' id='word_1_176' title='bbox 369 3820 503 3896; x_wconf 89' lang='lat' dir='ltr'><strong>tendunt,</strong></span> <span class='ocrx_word' id='word_1_177' title='bbox 518 3819 567 3880; x_wconf 90' lang='lat' dir='ltr'><strong>ubi</strong></span> <span class='ocrx_word' id='word_1_178' title='bbox 581 3819 671 3882; x_wconf 85' lang='lat' dir='ltr'><strong>Cesar</strong></span> <span class='ocrx_word' id='word_1_179' title='bbox 685 3818 790 3880; x_wconf 87' lang='lat' dir='ltr'><strong>Lucius</strong></span> <span class='ocrx_word' id='word_1_180' title='bbox 804 3823 890 3880; x_wconf 81' lang='lat' dir='ltr'><strong>aetat.</strong></span> 
     </span>
     <span class='ocr_line' id='line_1_29' title="bbox 175 3938 826 4022; baseline -0.003 -20"><span class='ocrx_word' id='word_1_181' title='bbox 175 3942 231 4012; x_wconf 89' lang='lat' dir='ltr'><strong>Qui</strong></span> <span class='ocrx_word' id='word_1_182' title='bbox 246 3942 330 4002; x_wconf 88' lang='lat' dir='ltr'><strong>simul</strong></span> <span class='ocrx_word' id='word_1_183' title='bbox 343 3940 454 4022; x_wconf 82' lang='lat' dir='ltr'><strong>aspexit</strong></span> <span class='ocrx_word' id='word_1_184' title='bbox 467 3938 610 4000; x_wconf 89' lang='lat' dir='ltr'><strong>sociorum</strong></span> <span class='ocrx_word' id='word_1_185' title='bbox 623 3938 683 4000; x_wconf 87' lang='lat' dir='ltr'><strong>lata</strong></span> <span class='ocrx_word' id='word_1_186' title='bbox 697 3958 826 4014; x_wconf 86' lang='lat' dir='ltr'><strong>suorum,</strong></span> 
     </span>
     <span class='ocr_line' id='line_1_30' title="bbox 172 4057 863 4123; baseline -0.001 -1"><span class='ocrx_word' id='word_1_187' title='bbox 172 4061 317 4123; x_wconf 91' lang='lat' dir='ltr'><strong>lnmodice</strong></span> <span class='ocrx_word' id='word_1_188' title='bbox 330 4065 426 4122; x_wconf 86' lang='lat' dir='ltr'><strong>motus</strong></span> <span class='ocrx_word' id='word_1_189' title='bbox 440 4058 551 4120; x_wconf 85' lang='lat' dir='ltr'><strong>medios</strong></span> <span class='ocrx_word' id='word_1_190' title='bbox 565 4077 597 4119; x_wconf 89' lang='lat' dir='ltr'><strong>se</strong></span> <span class='ocrx_word' id='word_1_191' title='bbox 611 4057 697 4120; x_wconf 88' lang='lat' dir='ltr'><strong>mittit</strong></span> <span class='ocrx_word' id='word_1_192' title='bbox 710 4059 738 4119; x_wconf 90' lang='lat' dir='ltr'><strong>iu</strong></span> <span class='ocrx_word' id='word_1_193' title='bbox 752 4059 863 4122; x_wconf 92' lang='lat' dir='ltr'><strong>hostes.</strong></span> 
     </span>
     <span class='ocr_line' id='line_1_31' title="bbox 63 4164 846 4244; baseline -0.003 -2"><span class='ocrx_word' id='word_1_194' title='bbox 63 4164 66 4179; x_wconf 60' lang='lat'>⁸</span> <span class='ocrx_word' id='word_1_195' title='bbox 172 4183 254 4244; x_wconf 88' lang='lat' dir='ltr'><strong>Tunc</strong></span> <span class='ocrx_word' id='word_1_196' title='bbox 268 4181 361 4242; x_wconf 87' lang='lat' dir='ltr'><strong>oritur</strong></span> <span class='ocrx_word' id='word_1_197' title='bbox 375 4181 481 4241; x_wconf 87' lang='lat' dir='ltr'><strong>clamor</strong></span> <span class='ocrx_word' id='word_1_198' title='bbox 494 4182 523 4238; x_wconf 87' lang='lat' dir='ltr'><strong>et</strong></span> <span class='ocrx_word' id='word_1_199' title='bbox 536 4177 717 4240; x_wconf 85' lang='lat' dir='ltr'><strong>lamentabile</strong></span> <span class='ocrx_word' id='word_1_200' title='bbox 731 4178 846 4240; x_wconf 85' lang='lat' dir='ltr'><strong>bellum.</strong></span> 
     </span>
    </p>
   </div>
   <div class='ocr_carea' id='block_1_4' title="bbox 0 0 1618 5168">
    <p class='ocr_par' dir='ltr' id='par_1_4' title="bbox 0 0 1618 5168">
     <span class='ocr_line' id='line_1_32' title="bbox 0 0 1618 5168; baseline 0 10"><span class='ocrx_word' id='word_1_201' title='bbox 0 0 1618 5168; x_wconf 95' lang='lat' dir='ltr'><strong> </strong></span> 
     </span>
    </p>
   </div>
  </div>
 </body>
</html>
