3206 5134
582 539 685 584 urben
706 540 870 584 TERTIUS.

208 646 268 708 Sed
282 646 348 727 quia
362 665 516 710 successus
525 641 646 710 humani
662 653 739 710 stare
753 649 847 711 manci

207 767 272 830 Non
286 773 410 850 possunt
422 787 523 850 passu,
539 767 591 831 sed
606 787 656 830 eos
669 773 735 830 rota
750 769 838 831 voluit
852 769 880 832 in
897 771 978 848 orbe,

206 887 338 950 Vertitur
351 889 379 950 in
395 890 503 952 tucturn
517 889 623 968 regalis
637 889 706 950 tibia
718 889 851 971 plausus.

206 1008 337 1088 Namque
351 1009 424 1071 duos
435 1010 573 1092 juvenes,
587 1011 680 1072 torma
692 1015 851 1092 prestante,
868 1015 988 1092 nepotes

205 1129 294 1208 Regis
307 1135 337 1192 et
350 1130 508 1211 Androgei,
524 1130 616 1192 nitida
629 1136 755 1194 centusse
768 1133 896 1214 palestra

205 1250 345 1332 Contigit.
388 1252 536 1333 Androgei
550 1271 641 1334 nepos
656 1253 720 1316 terit
735 1273 804 1316 ense
818 1259 952 1334 nepotem

203 1371 303 1449 Regis,
319 1391 443 1452 eumque
458 1371 521 1436 neei
535 1373 632 1435 tradit.
676 1372 760 1434 Tunc
773 1371 874 1434 concio
890 1378 949 1436 tota

203 1493 325 1555 Concita
338 1495 482 1556 turbatur.
525 1496 633 1574 Regem
647 1493 730 1556 dolor
744 1499 869 1576 occupat
883 1495 995 1575 ingens.

203 1613 300 1675 Acciri
314 1615 420 1678 taciens
432 1614 616 1691 homicidam,
628 1615 741 1696 judicat
757 1615 833 1678 iilum

202 1734 272 1795 Esse
286 1755 366 1797 rcum
382 1735 501 1812 mortis;
518 1735 651 1816 quoniam
667 1735 714 1816 qui
730 1735 857 1817 percutit
870 1756 948 1812 cnse,

201 1854 277 1916 Ense
287 1855 373 1938 jubet
386 1856 489 1938 perimi
503 1857 610 1920 veteris
625 1876 708 1918 sacra
721 1857 805 1918 tectio
821 1857 903 1936 tegis.

201 1975 261 2036 Hoc
275 1981 353 2038 uetat
367 1976 552 2056 Androgeus.
596 1977 656 2040 Rex
670 1976 835 2056 indignatus
850 1976 880 2038 in
894 1976 959 2058 ejus

199 2095 293 2157 Serus
307 2097 447 2158 bachatur
461 2096 520 2176 igni
533 2098 668 2177 ferroque
682 2097 833 2172 ducatum3

198 2217 258 2278 Nec
272 2237 358 2298 prece
373 2237 426 2280 nee
439 2219 532 2300 pretio
547 2223 632 2300 cepta
645 2219 760 2280 desistit
773 2221 809 2280 ab
824 2218 879 2282 ira.

239 2337 411 2418 Androgeus
426 2339 465 2400 nit
480 2359 544 2402 esso
559 2339 661 2402 videns
675 2338 754 2419 quod
768 2343 914 2421 competat
928 2340 979 2417 illi,

198 2457 313 2520 Cesaris
328 2459 356 2522 in
371 2465 482 2542 partem
497 2481 528 2523 se
543 2461 689 2523 transfert.
733 2459 823 2522 Cesar
836 2459 865 2522 in
880 2459 946 2541 ejus

197 2581 339 2643 Auxilium
352 2581 478 2644 confisus
493 2581 554 2644 adit
569 2581 730 2646 miserabile
744 2597 877 2660 regnum.

195 2701 256 2762 tam
272 2721 387 2782 qnoque
402 2702 567 2764 Lundonies
582 2701 747 2777 obsederat,
765 2701 863 2782 opida,
880 2701 961 2764 vittas

195 2821 330 2901 Ruraque
345 2827 488 2899 vastarat3
504 2821 556 2884 sed
572 2827 724 2904 postquam
740 2821 820 2882 novit
833 2821 938 2882 adesse

196 2942 336 3006 Cesareas
350 2943 425 3005 acies
439 2943 506 3006 bine
520 2942 599 3019 inde,
616 2959 772 3021 necemque
786 2940 895 3018 subire,

194 3061 352 3142 Pugnando
367 3063 425 3125 cito
439 3063 548 3125 deserit
560 3061 750 3136 obsidionem,

194 3183 339 3264 Armaque
352 3184 494 3246 convertit
508 3205 525 3247 a
539 3184 650 3246 civibus
665 3183 730 3265 ejus
744 3183 771 3243 in
786 3183 896 3244 hostes.

192 3304 263 3365 Sese
277 3305 459 3386 conspiciunt
473 3306 546 3368 Latii
560 3306 752 3384 Britonesque
764 3308 883 3385 paratos

191 3423 236 3485 Ad
250 3425 366 3502 betium,
383 3427 513 3508 votisque
528 3431 631 3508 petunt
646 3425 823 3488 committere
838 3428 968 3488 mantem.

189 3544 353 3626 Disponunt
369 3547 446 3608 acics
459 3547 527 3610 binc
542 3547 620 3622 inde,
637 3544 905 3626 necemqu02subire

189 3663 350 3744 Pugnando
365 3666 486 3748 cupiunt
498 3666 599 3748 pocius
614 3683 699 3746 quarn
715 3669 827 3726 vertere
841 3669 932 3744 terga.

189 3785 293 3846 Omnis
307 3787 391 3847 abest
403 3786 469 3848 hinc
483 3786 549 3848 inde
564 3786 664 3860 timor;
681 3785 778 3866 gravis
791 3805 855 3846 esse
870 3784 985 3847 videtur

188 3905 221 3966 Et
238 3906 396 3988 dampnosa
409 3927 500 3970 moro.
544 3907 659 3969 Turmis
674 3925 804 3988 pugnare
819 3905 938 3988 paratis,

188 4025 372 4089 Concurrunt
385 4027 472 4090 acies.
515 4026 654 4088 Emittunt
669 4026 767 4108 previa
781 4025 881 4087 mortis

186 4146 319 4226 Spicula3
336 4148 414 4210 nnita
427 4167 529 4210 manus
542 4147 682 4228 torpescit
695 4146 763 4208 dum
778 4151 857 4207 tenet
870 4165 978 4208 ensern.

1049 4273 1063 4318 t

1125 3671 1127 3678 '
1164 3687 1222 3735 raso
