3226 5168
624 545 727 588 11111111
747 545 883 588 SEXTUS.

240 657 390 720 Continuis
405 657 553 718 celebrans
568 656 672 731 tribus,
690 655 812 736 imponit
825 655 957 720 diadema

240 778 318 840 tiore
331 795 384 838 suo
399 775 497 858 cupiti.
540 775 628 855 Regis
643 779 723 856 patet
738 774 870 838 omnibns
885 777 961 854 aulo,

243 898 336 970 Quam
350 915 407 959 non
421 899 505 958 ornat
518 897 601 972 ebur,
617 915 702 976 quam
716 914 774 958 non
787 896 903 958 testudo
919 898 1046 972 decorat,

241 1017 300 1080 Sed
314 1036 415 1080 nemus
429 1021 459 1078 et
471 1015 604 1092 lrondes3
621 1017 686 1096 quis
699 1016 776 1079 enim
789 1020 834 1078 tot
847 1017 924 1079 milia
938 1018 1007 1080 cleri

241 1137 374 1220 Agmina,
389 1141 434 1200 tot
446 1156 611 1220 peccatura,
626 1142 671 1199 tot
684 1139 773 1218 vulgi,
789 1143 833 1200 tot
845 1139 1007 1215 mulierum,

241 1259 393 1321 Inclusisse
407 1258 493 1320 simul
506 1258 573 1320 aula
586 1257 730 1340 potuisset
742 1258 771 1320 in
787 1262 862 1321 una?

240 1377 428 1440 Eboracensis
442 1397 517 1459 apex
531 1381 616 1440 vacat
629 1377 837 1459 archipresule,
854 1397 964 1440 necnon

240 1499 276 1561 Et
288 1489 484 1578 [regionensis.
528 1499 669 1580 Sampson
685 1497 966 1574 datnrllboracensi‚

240 1619 276 1679 m
289 1617 464 1697 legionensi
480 1617 647 1696 Dubricins,
663 1619 748 1682 ambo
761 1619 851 1680 beati·

241 1736 406 1814 Pontifices,
424 1757 498 1818 qnos
512 1739 572 1800 vita
585 1739 701 1820 probat,
717 1757 868 1820 moresque
882 1747 1048 1820 perornant.

241 1859 313 1922 ilinc
324 1860 413 1942 jussu
428 1860 506 1940 ragis
521 1860 659 1923 lierlinus
674 1879 743 1924 saxa
756 1859 849 1924 Coree

242 1980 289 2042 ld
302 1983 427 2042 montem
442 1997 594 2062 proceram
608 1980 757 2056 transfert,
774 1985 803 2042 et
816 1981 938 2043 collocat
952 1981 1008 2044 illic

243 2098 353 2162 Ordine
368 2119 426 2180 qun
441 2099 586 2180 qnondam
600 2100 715 2163 stabant
728 2099 758 2161 in
772 2105 868 2162 monte
884 2100 991 2164 Kilaro.

283 2221 354 2282 Post
367 2219 533 2301 vortigerni
548 2224 669 2282 mortem
685 2220 866 2296 Pascencius,
883 2219 948 2302 ejus

243 2339 343 2416 Filius,
359 2339 506 2402 Aurelium
520 2338 661 2420 dispersis
675 2340 790 2420 lugeret
803 2339 867 2414 alis,

246 2461 339 2533 Quem
352 2462 427 2524 mala
440 2459 586 2543 dejectum
601 2459 756 2524 Germanis
768 2461 843 2524 tlara
855 2462 975 2544 recepit.

245 2581 316 2645 inde
330 2581 498 2645 recollectos
512 2582 653 2644 audacter
666 2581 746 2644 ducit
759 2581 789 2644 in
802 2581 898 2664 ipsum

244 2703 373 2766 Saxones
389 2701 552 2778 Aurelium3
570 2701 622 2764 sed
636 2721 686 2764 eos
700 2701 737 2764 de
751 2700 855 2765 linibus
870 2703 934 2786 ejus

244 2821 369 2884 Fortiter
383 2820 522 2884 excludit.
565 2823 644 2884 Dant
656 2822 749 2884 santis
763 2823 951 2902 1010103010,

244 2943 284 3005 Ut
297 2947 429 3024 repetant
442 2942 578 3024 petriam3
595 2943 648 3005 sed
662 2962 712 3004 eos
726 2941 887 3006 contrarius
902 2945 1008 3006 Austro

246 3065 277 3126 ln
293 3063 438 3128 Gillomini
453 3081 574 3144 regnum
589 3063 668 3146 rapit
681 3064 795 3126 invidus
808 3065 913 3127 Eurus.

245 3183 292 3247 ud
305 3185 383 3265 regis
396 3185 507 3246 vultum
522 3184 651 3260 veniunt,
667 3184 790 3266 ejusque
804 3190 958 3266 precantur

247 3305 392 3368 Auxilium
406 3309 505 3367 contra
518 3305 596 3384 regis
609 3306 671 3366 lora
684 3309 780 3366 castra
792 3305 932 3368 Britanni.

247 3425 296 3488 llle
309 3443 419 3488 memor
432 3425 533 3507 probri
547 3424 669 3506 proprii,
686 3424 869 3506 lapidumque
882 3425 985 3500 Corne,

247 3548 343 3610 Fodns
356 3546 410 3609 init
423 3565 487 3608 cum
502 3546 677 3622 Senonibus,
692 3546 832 3627 regnique
846 3547 1004 3628 phalanges

246 3667 335 3730 Ducit
347 3666 376 3729 in
389 3665 546 3742 Aurelium,
562 3667 626 3728 loca
639 3665 768 3747 proxima
781 3664 888 3727 subicit
901 3666 971 3746 igni.

287 3785 380 3870 Cujus
393 3787 467 3850 lama
481 3786 523 3848 rei
538 3791 690 3868 postquam
704 3786 835 3868 pervenit
848 3785 886 3847 ad
899 3786 1028 3860 Uthrem‚

247 3907 414 3988 congregat
427 3909 534 3970 electos
547 3907 713 3983 Britonnm;
730 3925 796 3969 num
808 3907 888 3969 lebre
902 3911 1049 3986 gravatus,

247 4027 398 4090 Wintonia
408 4028 490 4110 jecet
503 4027 648 4104 Aurelius,
663 4027 747 4110 cujus
760 4027 845 4088 dolor
857 4026 933 4088 hosti

248 4150 308 4210 Dat
321 4167 402 4230 spem
416 4147 562 4212 vincendi.
606 4149 701 4227 bargo
716 4150 871 4228 corruptus
884 4147 971 4223 Eosa,
