3206 5134
582 501 688 548 urens
707 502 872 547 userius.

211 619 307 698 iuquit
320 640 327 679 :
343 617 359 642 ³³
371 617 416 678 Ab
430 614 567 697 Hisponis
580 613 694 697 expulsi
707 611 827 688 tinibus,
842 630 918 674 anuo

209 741 327 822 Elapso,
344 755 422 799 mure
437 736 531 797 classe
544 752 620 814 vege
632 735 788 809 sulcamus,
804 732 854 795 ubi
868 751 933 795 sors

209 861 271 924 Nos
285 859 347 940 ugit
362 861 502 921 errantes
545 855 673 918 Petimus
687 855 828 937 pronique
842 873 980 936 rogamus

210 983 250 1045 Ut
263 984 370 1043 eertum
384 981 497 1061 purtem
510 977 549 1039 sit
562 975 645 1038 uobis
658 977 702 1038 fes
715 975 847 1038 habiture

212 1103 244 1164 tn
257 1100 376 1181 regione
389 1103 450 1161 tua.
465 1097 480 1122 ''
520 1097 660 1160 Precibus
675 1095 756 1159 dueis
772 1097 884 1159 annuit.
927 1097 985 1160 iltis

212 1222 309 1285 insule
321 1224 405 1283 neoto
419 1219 518 1296 detur,
534 1218 620 1282 nullis
632 1217 761 1280 habitote
775 1218 917 1299 priorum.

212 1343 344 1422 Cumque
358 1339 422 1403 dies
436 1338 493 1401 vito
506 1338 585 1419 regis
600 1356 736 1419 supremo
750 1337 872 1417 reniret,

212 1463 264 1526 ille
277 1462 361 1524 bonis
375 1461 461 1538 cedit,
478 1465 507 1522 et
521 1460 551 1522 iu
567 1460 639 1522 urbo
650 1459 730 1542 jeeet
744 1459 914 1540 Legiouum.

254 1583 419 1647 Guizelinus
433 1581 458 1644 ei
473 1580 617 1657 succedit;
631 1579 703 1663 jure
716 1581 840 1660 benigne

210 1704 315 1784 Regni,
334 1703 402 1766 dum
416 1701 497 1778 vivit,
513 1706 634 1778 treetnt3
652 1701 698 1765 oui
712 1701 820 1766 Murcia
835 1702 960 1786 conjunx

210 1823 361 1900 Traditur,
378 1823 493 1902 ingenio
507 1823 630 1904 pollens,
646 1821 770 1902 insignis
784 1825 813 1884 et
827 1823 904 1884 omni

210 1945 297 2020 Arte;
315 1963 416 2006 norom
430 1945 524 2023 legem
538 1943 649 2019 statuit,
666 1942 703 2004 de
718 1944 831 2006 nomine
845 1943 930 2028 eujus

210 2067 323 2128 Nomen
338 2063 469 2126 sortitur.
512 2065 657 2126 Defuncto
672 2082 742 2145 rege
756 2065 902 2144 gubernet

210 2185 321 2249 Marcie
333 2183 453 2267 puoifioe
466 2203 605 2265 regnum
622 2202 687 2246 num
702 2181 778 2247 fitius
792 2185 868 2266 ejus,

211 2307 338 2368 Tantum
352 2305 490 2386 septenis,
507 2303 641 2382 Sisiltius‚
657 2305 695 2368 ed
710 2304 854 2386 dyadema

210 2425 389 2490 Portsudum
403 2445 460 2488 nou
474 2429 519 2488 est
532 2431 672 2488 moturus.
716 2425 825 2488 Murcia
839 2447 907 2490 vero

201 2551 305 2612 ¹Frenu
318 2548 393 2628 regit
405 2547 488 2628 regni
502 2546 606 2626 rigide.
649 2547 806 2626 Postquam
821 2567 874 2610 suu
888 2549 973 2612 soluit

211 2667 319 2731 Debita
332 2673 445 2744 nature,
458 2666 577 2750 juvenis
591 2666 716 2730 Sisitlius
730 2667 771 2730 itti

211 2788 359 2865 Succedit,
375 2787 514 2869 regnique
528 2786 618 2850 decus
633 2787 690 2850 sibi
704 2788 792 2851 sumit
804 2789 966 2872 bonusque.

253 2911 324 2972 Post
336 2909 416 2972 ittum
430 2914 533 2990 regnet
546 2909 723 2986 Kiuuuurus‚
738 2909 814 2974 fitius
829 2911 906 2993 ejus.
960 2971 963 2978 .

211 3034 325 3095 Demus
339 3029 366 3092 ei
379 3030 469 3092 truter
483 3029 627 3107 sneeedit;
645 3034 675 3092 ut
689 3031 769 3094 illum

213 3155 245 3216 tu
259 3171 352 3234 regno
366 3151 495 3233 sequitur
508 3151 668 3229 Morindus,
684 3151 760 3216 tilius
774 3153 851 3235 ejus,

213 3273 273 3335 Sed
289 3291 346 3334 non
360 3271 485 3352 legitime
499 3275 594 3334 notus.
639 3271 706 3344 Quo
720 3291 843 3354 corpore
857 3273 962 3357 major,

212 3394 267 3454 Vel
282 3391 425 3474 probitate
439 3390 530 3472 prior,
543 3392 587 3454 vet
602 3391 711 3472 largior
724 3392 753 3454 iu
766 3393 926 3456 tribuendis
1009 3473 1012 3479 Ι

213 3512 391 3588 Muneribus,
408 3513 503 3576 uultus
517 3515 579 3574 toto
594 3512 739 3594 reperitur
752 3512 782 3575 in
796 3515 883 3591 orbe;

213 3633 273 3696 Sed
287 3632 373 3695 nimis
386 3632 539 3714 indulgens
552 3633 670 3710 feritati,
687 3635 811 3698 suffocet
826 3655 924 3698 omnes

214 3754 344 3816 Virtutes
358 3753 429 3816 nlius
443 3753 546 3834 quibus
562 3759 607 3815 est
620 3753 771 3817 laudabilis
786 3756 860 3838 ipse.

216 3875 246 3936 tn
261 3892 383 3954 regnum
397 3873 494 3956 cujus,
507 3891 611 3954 mogus
625 3875 780 3938 comitante
793 3881 922 3952 osterse,

216 3995 277 4057 Rex
289 3993 485 4058 biorianorum
499 4013 584 4058 serus
597 3995 687 4060 venit.
731 3995 904 4074 obviaturi,
965 4005 981 4016 ·

217 4114 368 4178 Innumero
382 4115 532 4180 Britouum
547 4115 741 4180 circumdatus
755 4117 879 4198 agmine.
922 4118 1023 4181 Partes
