3226 5168
252 483 256 494 ⁴
363 483 419 546 196
638 499 744 547 unsre
765 500 879 546 nnoorr
901 501 1111 548 onrrruurn.

361 613 441 686 Quid
453 612 504 676 tibi
520 632 585 676 curo
601 612 703 690 Gallis,
720 633 794 694 quos
809 617 907 676 nostro
921 613 1015 676 Julius
1029 613 1096 675 olim

358 733 498 797 Subdidit
510 733 649 816 imperio?
691 733 753 798 Cur
766 733 918 814 vectigalia
931 733 1015 802 nobis

358 854 492 922 Reddere
505 857 655 920 contendit
669 855 802 940 subjecte
815 857 963 920 Britannia
977 857 1104 921 nostrist

359 977 406 1040 Sis
419 981 531 1041 tentum
544 981 696 1042 contentus
711 997 746 1040 eo
761 977 841 1058 quod
851 977 921 1060 jure
935 981 1068 1061 esterno,

358 1097 419 1162 Rex
432 1100 549 1176 Arture,
565 1103 661 1175 tenes3
677 1099 767 1162 Rome
782 1117 836 1161 sus
845 1097 916 1180 juro
929 1098 1053 1162 remitte.

358 1218 476 1282 Brutioe
488 1219 590 1302 stirps,
605 1218 742 1282 summere
755 1219 808 1297 toi,
823 1219 963 1282 miserere
977 1225 1102 1295 tuorum,

358 1341 402 1404 Ne
414 1344 465 1404 tue
478 1341 553 1403 torte
567 1339 625 1404 tuis
638 1347 742 1404 nocent
755 1340 907 1403 temerarie
921 1339 1021 1404 virtus.

359 1461 505 1525 Romsous
518 1460 654 1544 princeps
669 1465 697 1522 te
707 1459 721 1542 j
725 1459 798 1523 ussit
811 1459 893 1522 odire
905 1463 1047 1535 sonetum,

359 1582 610 1665 Conspectumque
623 1602 708 1647 suum
721 1582 831 1666 profixo
844 1586 973 1664 tempore
987 1585 1077 1658 certo,

358 1703 397 1764 Ut
409 1723 485 1788 peno
497 1701 627 1767 discente
640 1702 716 1766 scius
729 1721 814 1784 quem
827 1701 1034 1784 perniciosum,

359 1825 454 1898 Quem
468 1844 556 1907 greve
568 1826 728 1890 Romanum
740 1823 794 1888 init
806 1823 960 1888 offendisse
972 1827 1120 1900 senstum3

358 1946 486 2020 Quodsi
500 1947 647 2012 distuleris
661 1947 756 2011 scelus
769 1946 837 2024 hoc,
852 1951 949 2009 menet
960 1945 1033 2008 uitio
1048 1945 1124 2010 diro.

357 2068 437 2132 Cede
450 2067 624 2150 flagellatus,
638 2067 759 2152 proprio
772 2065 925 2150 privabere
939 2083 1042 2147 reguo,

357 2189 499 2254 Omnibus
513 2189 638 2266 emissis,
653 2189 677 2252 si
691 2189 730 2252 sit
742 2187 795 2251 tibi
809 2187 868 2250 rite
881 2187 992 2252 relicte.

356 2310 499 2393 Principis
512 2310 616 2374 existet
628 2310 783 2374 clemencia
796 2309 896 2372 micion
910 2327 996 2390 equo.
1011 2307 1027 2334 ’'

395 2432 452 2496 Vix
465 2435 539 2496 beue
554 2433 711 2510 desierunt,
727 2451 793 2496 cum
807 2452 858 2496 rex
872 2431 901 2494 in
914 2437 995 2494 turre
1008 2435 1168 2512 gygantum

356 2552 523 2636 Congreget
536 2556 643 2618 electos
657 2573 804 2637 proceres,
820 2557 854 2616 ut
867 2552 999 2616 consulut
1012 2551 1076 2614 ilios

357 2675 437 2748 Quid
450 2676 488 2738 sit
500 2675 529 2740 iu
542 2677 598 2739 hoc
611 2695 681 2739 cusu
693 2675 870 2752 iaciendum
887 2675 1013 2754 dumque
1026 2672 1168 2754 grudstim

356 2797 525 2860 decendunt
537 2798 651 2876 turrim,
666 2797 767 2860 letsnti
781 2797 869 2860 corde
883 2798 994 2860 solutus

355 2917 422 2980 Dux
436 2918 534 2982 Cudor
548 2918 680 2982 inrisum
694 2918 779 2982 sociis
793 2917 962 2981 coeuntibus
976 2917 1071 2998 inquit
1086 2937 1093 2977 ε

355 3037 370 3062 “
380 3038 443 3100 Hoc
456 3039 549 3102 solum
563 3039 652 3102 metui
666 3059 703 3102 ne
716 3057 774 3123 pen
788 3039 924 3102 diuturno
936 3038 1092 3102 Britannos

354 3159 502 3223 Redderet
513 3159 645 3240 ignores,
661 3160 791 3224 delerent
805 3160 886 3224 occis
899 3165 998 3222 nostre

353 3278 455 3343 Milicie
468 3279 584 3358 semum,
600 3299 657 3361 qne
671 3280 783 3344 cunctis
797 3281 932 3360 gentibus
946 3280 1033 3344 ermis

354 3400 541 3480 Preterimur,
555 3401 578 3464 si
593 3419 665 3484 pace
679 3400 731 3463 diu
745 3401 905 3463 irueremur
917 3401 1036 3463 inertes.

353 3499 490 3584 [nstrum
503 3525 678 3586 transactum
692 3526 737 3585 est
749 3526 902 3605 postquem
917 3541 970 3584 uos
983 3519 1125 3602 gessimus
1138 3541 1228 3584 erruu.
1320 3546 1380 3592 ereo

354 3641 424 3704 Inde
437 3661 537 3706 sumus
551 3641 620 3706 iacti
631 3642 694 3726 jem
708 3641 898 3706 desuetudine
912 3661 1033 3724 segnes;

353 3761 414 3825 Sed
428 3781 464 3825 ne
478 3760 636 3844 depereunt
650 3767 748 3826 nostre
760 3762 897 3844 preconio
910 3762 995 3840 tome,

353 3883 426 3947 Ecce
439 3883 495 3946 Dei
511 3883 601 3946 virtus
615 3883 759 3948 Romanos
773 3883 893 3947 suscitet
908 3883 938 3944 in
952 3901 1016 3946 nos.
1030 3883 1045 3908 ”

393 4005 454 4070 Rex
466 4003 556 4086 igitur
569 4009 669 4088 septus
683 4023 782 4086 regum
797 4023 1007 4087 procerumque
1021 4025 1137 4082 corone,

353 4123 402 4188 Sic
415 4125 455 4189 uit
471 4147 478 4186 :
496 4125 549 4190 “0
564 4145 685 4205 quorum
699 4131 809 4190 mentes
823 4127 955 4207 belloque
968 4130 1093 4207 togaque
