3272 5188
342 495 402 559 939
765 519 948 564 tillitlblx.

414 625 506 682 Altera
520 641 585 697 pars
598 628 724 694 Gambro,
739 643 792 697 que
805 644 881 686 nunc
894 645 1004 700 quoque
1016 632 1109 688 dualia
1122 633 1220 699 fertur,

450 724 579 790 Contigit,
594 724 739 779 scombro
752 723 880 780 Gambrio
893 740 996 782 nomen
1010 727 1130 794 habons;

417 819 459 872 Fit
471 833 523 874 sua
535 833 599 889 pers
611 821 738 886 minimo,
753 837 803 877 suo
815 837 880 891 pars
892 821 1008 878 Albanio
1021 838 1124 880 nomen

450 915 471 969 ll
485 916 554 971 duce
568 921 634 972 tunc
647 917 753 982 habuit,
769 917 863 974 Sousia
876 919 948 974 dicta
961 921 1055 976 modo.

413 1011 483 1066 Dum
499 1025 548 1065 sua
561 1025 646 1078 regna
660 1011 707 1066 diu
720 1013 851 1068 concordi
864 1028 931 1082 pace
943 1015 1079 1082 rigerent,

448 1106 618 1161 Humbertus
631 1107 667 1161 ad
679 1107 798 1162 Albanos
810 1109 940 1177 applicet,
955 1123 1033 1164 annu
1045 1123 1154 1177 gerens.

412 1201 469 1256 ilex
482 1207 542 1256 erat
555 1203 709 1268 Hunorum,
725 1205 770 1257 cui
784 1218 853 1271 gens
865 1203 969 1259 tllbuue
985 1207 1090 1260 resistit

451 1298 518 1352 cum
530 1297 601 1352 duce
613 1297 669 1352 ilde
682 1312 746 1364 suo;
761 1298 818 1353 dux
831 1299 915 1364 cedit,
930 1300 975 1354 illa
988 1301 1070 1370 fugit.

414 1391 546 1446 nostibus
559 1392 683 1457 institas,
697 1393 793 1448 aurito
806 1394 903 1450 sunere
914 1381 1036 1461 ratris,

449 1489 597 1556 Lucrinus,
611 1488 727 1544 (lambro
740 1491 925 1556 consociatus,
941 1493 1008 1559 agit.

455 1678 563 1734 Viribus
575 1679 713 1748 explicitis
725 1685 754 1736 et
765 1682 874 1750 lugiens
887 1683 1005 1751 turpiter
1017 1683 1187 1738 Humbertus
1199 1685 1266 1738 abit.

416 1774 488 1828 ilum
502 1775 582 1842 sugit,
596 1775 688 1830 obstat
700 1778 725 1832 ei
738 1778 853 1839 flumen.
868 1778 1046 1847 subjungitur
1057 1778 1123 1844 illio,

452 1869 544 1937 Deque
557 1884 608 1924 suo
623 1871 718 1926 tribuit
729 1874 843 1928 nomino
855 1886 957 1928 nomen
970 1887 1052 1940 eque.

415 1965 485 2032 llrgo
498 1964 603 2020 ditatus
616 1965 711 2034 spoliis
723 1980 846 2036 auroque
859 1969 976 2038 potitus,

451 2059 553 2125 Victor,
570 2059 711 2114 distribuit
725 2061 833 2128 singula
846 2075 953 2131 queque
966 2062 1034 2117 suis.

415 2250 483 2305 Tres
496 2249 532 2304 ibi
545 2249 674 2305 candoris
686 2250 769 2315 nivei,
784 2251 912 2318 roseique
925 2251 1035 2315 coloris,

452 2347 574 2402 Feminei
587 2360 671 2402 sexus
684 2347 758 2414 regia
770 2347 868 2402 classis
879 2346 973 2402 habet.

417 2441 538 2496 Pulcrior
551 2442 595 2496 bis
607 2441 755 2497 liestrildis
768 2447 837 2496 eret.
876 2443 1021 2498 Germania
1034 2444 1117 2499 tellus

451 2538 528 2594 lianc
540 2539 622 2604 eluit;
638 2544 735 2607 reptos
748 2552 798 2594 rex
810 2543 889 2608 pater
901 2539 987 2608 hujus
1000 2545 1068 2594 eret.

415 2634 482 2689 'iota
497 2634 597 2689 decore
610 2634 664 2687 fuit
677 2635 737 2688 sine
750 2635 828 2688 neris
841 2639 870 2689 et
882 2635 943 2689 sine
955 2649 1036 2702 ruga,

451 2729 493 2782 Nil
505 2729 557 2783 sibi
570 2725 644 2798 quod
657 2728 728 2783 livor·
740 2742 853 2797 carpere
865 2729 954 2797 possit
965 2733 1035 2784 erat.

419 2823 589 2879 llumbertus
603 2837 664 2878 curn
679 2824 771 2892 rapuit
782 2824 918 2878 seeundo
931 2838 1010 2878 suam
1022 2825 1175 2892 regionem,

453 2920 631 2990 Arripuitque
645 2919 713 2974 dues
725 2920 793 2974 dum
806 2921 945 2989 rapuisset
955 2935 1027 2975 eam.

418 3015 505 3071 Cessit
516 3017 541 3070 ei
555 3015 693 3086 probitate
705 3017 796 3082 lieres,
810 3016 934 3072 Citheron
944 3017 1054 3081 decore,

452 3110 524 3165 Juno
537 3109 682 3181 pudicicia,
696 3110 840 3168 nobilitate
852 3111 916 3167 lisa.

416 3209 519 3277 captus
532 3221 564 3262 ea
576 3207 710 3262 Lucrinus
722 3213 791 3274 erat,
805 3223 857 3264 nec
870 3215 977 3278 captus,
993 3213 1022 3265 at
1035 3213 1126 3273 ustus,

454 3304 550 3368 Uetus,
564 3308 602 3368 ot,
617 3308 650 3358 ut
663 3303 764 3368 dicum,
778 3303 862 3357 unius
874 3303 957 3358 ardor
968 3310 1039 3359 erat.

418 3399 494 3453 lianc
507 3404 592 3463 amat,
607 3397 679 3452 hunc
692 3402 779 3466 optut,
794 3399 853 3453 solu
864 3400 986 3467 suspirat
997 3400 1026 3454 in
1038 3399 1084 3455 illa
1092 3416 1099 3464 ;

455 3494 498 3549 Sic
510 3500 586 3548 amat
598 3493 643 3548 ille
655 3493 763 3557 furens,
778 3495 819 3549 sic
831 3495 899 3549 lurit
910 3496 969 3564 ipse
981 3496 1068 3549 luror.

418 3591 472 3645 Nec
485 3596 564 3645 curet
576 3589 662 3656 leges,
676 3603 728 3643 nec
740 3595 819 3644 curet
831 3603 976 3644 murmure
988 3591 1072 3659 vulgi,

454 3687 510 3742 lieo
524 3685 615 3755 placet
627 3686 741 3740 alterius
756 3686 819 3740 teda
829 3685 930 3754 iugalis
943 3687 977 3740 ei.

420 3781 550 3852 Displicet
561 3781 613 3836 hec
624 3781 737 3835 Corioee
751 3781 799 3834 tibi
811 3794 921 3849 quoque
935 3781 997 3836 teda
1007 3783 1108 3850 iugalis

456 3877 539 3943 Quam
553 3878 667 3946 pepigit,
682 3882 746 3932 nate
758 3877 796 3932 sit
807 3877 859 3931 sibi
871 3882 936 3932 nuta
949 3877 1043 3934 modo.

420 3976 478 4029 ltux
491 3987 557 4042 ergo
571 3973 604 4028 de
617 3986 695 4026 more
706 3973 784 4037 furit,
798 3978 931 4041 raptaque
943 3974 1062 4042 bipenne

456 4069 609 4137 Alloquitur
619 4082 724 4136 regem,
739 4068 833 4135 sicque
845 4069 969 4122 minatur
981 4069 1006 4122 ei
1021 4085 1027 4121 :

420 4168 435 4192 “
452 4167 557 4222 Siccine
569 4165 672 4230 reddis,
685 4165 733 4230 eit,
748 4165 816 4218 mihi
830 4166 945 4232 premia,
961 4165 1055 4220 reddis
1067 4166 1205 4222 honores?
