3272 5188
396 515 456 580 998
820 539 1006 585 irranorr.

467 649 521 704 Vos
535 655 628 706 tomen
641 655 757 706 excusat
768 653 883 706 victoris
895 653 983 715 ieme:
998 653 1136 720 gigantes,

502 745 551 810 Qui
563 747 647 800 modo
660 761 710 802 noe
722 747 818 815 abigit,
832 749 944 803 vincere
956 753 1054 803 suetus
1067 755 1136 803 eret.
1157 747 1173 770 ’'

465 840 553 894 Verba
564 841 708 895 Fuhardus
722 842 821 897 adhoc
834 842 984 908 remeabat,
1001 856 1121 910 cumque
1135 844 1268 898 trecentis

502 937 601 993 consui
613 937 692 992 adest
703 939 839 1006 equitum,
854 939 940 1006 fitque
953 939 1034 993 ruina
1047 952 1154 994 recens.

466 1033 509 1086 Fit
521 1033 613 1100 granis
624 1033 755 1098 insultus,
770 1047 864 1088 comes
877 1033 978 1098 instat;
994 1037 1024 1086 at
1036 1033 1082 1088 iiio
1096 1034 1214 1089 resistit.

502 1129 552 1182 iiic
564 1129 637 1194 ierit,
653 1127 699 1183 ilie
712 1129 795 1194 cadit,
811 1128 897 1198 dique
910 1129 1040 1198 bipennis
1052 1130 1131 1184 ebes.

465 1221 535 1278 Huic
546 1229 638 1292 caput,
653 1223 718 1277 huic
731 1223 874 1288 humeros,
888 1223 1002 1277 brachie
1015 1227 1044 1278 et
1057 1237 1139 1278 crura
1152 1223 1318 1292 quibusdem

502 1317 614 1386 Frangit
627 1319 655 1371 in
667 1332 785 1372 occursu
793 1335 800 1384 ;
816 1332 899 1372 nemo
913 1318 947 1372 iit
958 1319 1063 1386 absque
1076 1325 1153 1375 nota.

466 1414 550 1468 irruit
561 1415 590 1468 in
604 1418 729 1478 cunctos,
742 1419 771 1468 et
785 1415 812 1468 in
825 1415 918 1482 ipsum
932 1419 1033 1469 cuncta
1046 1414 1165 1470 ruebant

505 1508 630 1576 Agmina,
645 1523 698 1564 nec
709 1513 819 1578 poterat
831 1508 908 1563 solus
920 1508 955 1562 ab
969 1508 1050 1563 hoste
1061 1511 1161 1578 premi.

469 1605 594 1672 Dumque
606 1604 683 1672 iurit,
696 1605 799 1672 pietate
811 1605 864 1658 viri
877 1609 1045 1668 commotus,
1060 1603 1093 1658 ad
1108 1605 1176 1658 imm

420 1761 423 1770 ,
504 1701 639 1756 Provocat
650 1700 729 1754 Idcos
742 1700 842 1754 Brutus
855 1705 884 1755 et
897 1701 984 1756 instat
994 1706 1085 1755 atrox.

469 1795 551 1863 Regia
564 1796 643 1862 signo
655 1795 767 1861 cadunt,
781 1795 926 1863 Phrigibus
940 1797 1055 1851 victoria
1067 1798 1165 1862 cessit;

504 1891 546 1944 Fit
557 1890 632 1957 iuga,
647 1889 729 1944 Phrix
741 1891 837 1954 instat,
852 1891 944 1946 Pictos
957 1891 1049 1945 eundo
1061 1892 1145 1945 celer.

470 1987 525 2041 Rex
538 1987 623 2052 igitur
635 1986 753 2052 rugiens,
767 1987 815 2040 vix
827 1986 966 2040 eluctatus
978 1987 1012 2040 eb
1026 1986 1108 2041 hoste

507 2081 612 2148 Vixque
624 2081 669 2134 sui
682 2093 807 2148 compos,
821 2081 922 2135 Gallica
934 2095 1020 2149 regna
1032 2083 1112 2150 petit.

470 2177 554 2231 Gallia
567 2183 691 2231 rectores
703 2177 801 2230 sortita
812 2177 865 2230 suit
877 2173 1034 2242 duodenem

504 2272 560 2327 iios
572 2271 639 2337 adit,
655 2272 699 2326 his
711 2273 799 2341 aperit
812 2287 864 2341 que
877 2273 929 2327 sibi
942 2287 1024 2328 causo
1037 2275 1091 2328 vie.

470 2368 525 2432 oue
538 2370 610 2437 petit
621 2369 761 2433 ennuitur,
776 2369 950 2437 promittitur
962 2370 1035 2424 ulcio
1049 2371 1136 2438 regni,

506 2466 579 2520 Sevit
590 2467 619 2519 in
631 2466 761 2521 absentes
774 2465 854 2520 Gallie
870 2471 927 2520 toto
941 2466 1063 2534 Phriges.

470 2561 580 2615 Exultat
592 2561 705 2625 Brutus,
719 2561 824 2615 letatur
836 2561 961 2614 Dardana
971 2561 1069 2629 pubes,

505 2657 613 2710 Ditaiur
626 2656 721 2724 spoliis
733 2655 831 2710 classis
843 2661 944 2710 onusto
957 2656 1099 2724 Phrigum.

470 2753 512 2806 Fit
524 2751 682 2806 miseranda
694 2751 761 2805 viris
773 2750 864 2815 cedes,
878 2750 1005 2805 incendia
1016 2752 1099 2816 viliis,

504 2849 668 2903 Desoiamen
680 2849 764 2914 agris,
777 2860 879 2914 magna
891 2848 972 2901 ruine
984 2847 1061 2902 ieris.

469 2943 618 3012 Explorent
629 2943 758 3011 patriam,
772 2947 915 2996 metantur
927 2947 1028 3006 castre,
1042 2942 1170 2998 locantur

503 3038 600 3102 dienia,
614 3037 785 3104 Turonisque
796 3037 880 3092 modo
892 3037 966 3091 dicta
979 3037 1059 3105 polis.

469 3135 571 3188 Brutus
584 3133 669 3186 hebet
680 3133 810 3200 patriam,
825 3133 986 3187 dominatur
997 3133 1032 3198 oi,
1046 3133 1227 3188 dominentur

502 3230 627 3283 Victores
640 3227 745 3296 spoliis,
760 3231 790 3282 et
801 3227 961 3282 dominatur
975 3229 1060 3295 egris.

468 3325 520 3380 Sed
533 3339 589 3379 non
603 3338 728 3388 securus,
743 3338 797 3378 non
812 3328 889 3378 tutos
902 3337 947 3379 res
959 3324 1063 3380 alienes

501 3419 625 3474 Possidet
631 3435 638 3484 ;
656 3419 741 3473 immo
754 3417 828 3473 locat
840 3423 941 3484 castre,
959 3419 1092 3488 timetque
1107 3420 1168 3476 sibi.

465 3608 530 3674 Quis
544 3609 627 3662 timor
639 3611 683 3662 est
695 3607 741 3660 eiii
754 3611 831 3661 tutus
845 3607 911 3661 sibi?
929 3621 1013 3661 nemo
1028 3608 1141 3662 timetur

500 3703 569 3767 Quin
585 3701 681 3756 timeat
693 3700 745 3754 sibi
759 3715 840 3756 mens
853 3701 974 3763 conseia,
988 3714 1060 3769 pena
1073 3705 1174 3768 gravia.

464 3799 525 3853 Jam
541 3798 642 3861 Pictos,
655 3796 713 3865 jam
727 3810 828 3863 magna
841 3797 951 3860 cohors,
963 3797 1020 3866 jam
1034 3797 1119 3852 daiiia
1134 3807 1201 3862 tote,

501 3893 533 3946 iit
545 3905 681 3946 numerus
695 3903 791 3958 regum
804 3892 861 3958 J'am
876 3891 1021 3946 duodenus
1032 3892 1122 3946 adest.

467 3989 584 4056 Agmina
597 3985 723 4054 precedit
734 3985 912 4053 bosphorius,
926 4001 958 4041 ec
972 3987 1108 4041 duodenis

503 4082 648 4151 Dispositis
660 4081 761 4134 turmis
774 4081 923 4135 Postumus
935 4096 1013 4135 armo
1024 4085 1104 4150 gerit.

465 4177 596 4236 Hostibus
609 4176 747 4231 exclamet
759 4177 826 4231 visis
840 4193 846 4230 ε
861 4175 876 4204 ““
892 4177 1025 4243 invadite,
1040 4179 1137 4246 fortes,
