3206 5134
356 531 396 593 76
635 541 742 588 unsri
763 542 878 588 saeua
900 542 1111 587 curararum.

355 632 477 694 Nomine
491 635 622 706 seruato;
639 628 692 690 sed
704 635 734 692 et
747 629 803 691 boc
817 629 946 692 amittere
960 628 1077 709 dignus.

357 753 493 816 Traditor
506 769 575 832 ergo
589 749 690 813 videns
704 749 898 812 monachalem
913 748 1125 831 simplicitatem

357 875 389 936 tn
404 873 486 936 vultu
500 871 591 952 regis,
607 872 644 934 ad
658 871 740 952 rcgni
755 871 867 934 culmen
882 871 1012 946 anhelat;

357 992 417 1057 Sed
430 992 513 1076 prins
527 997 678 1072 argentum
692 991 754 1054 tisci
768 991 874 1072 regalis
888 996 917 1054 ct
930 1011 1030 1054 aurum

357 1115 517 1178 Abscondit
531 1115 585 1177 sub
599 1115 678 1177 clave
692 1133 754 1192 sua,
772 1113 941 1178 custodibus
954 1114 1042 1176 urbes

357 1238 393 1299 at
408 1236 491 1317 regni
504 1235 620 1298 castella
633 1234 692 1298 suis
707 1234 857 1297 committit
869 1237 982 1314 operta.

357 1357 470 1422 Fraude
482 1361 592 1419 metum
607 1355 757 1432 simulans,
772 1356 835 1436 regi
848 1355 986 1418 mentitur
998 1355 1027 1418 in
1044 1355 1110 1438 ejus

357 1482 488 1560 Regnum
502 1483 640 1542 uenturos
654 1482 712 1540 tam
726 1477 822 1540 Pictos
836 1495 922 1557 qnam
936 1477 1116 1553 Venedotes;

357 1599 491 1662 Proditor
504 1603 537 1662 ut
550 1603 665 1678 satagat
677 1597 718 1660 sic
732 1601 871 1679 concepte
885 1595 1057 1679 prodicioni,

357 1719 418 1782 lliis
433 1719 528 1783 verbis
542 1719 656 1782 bibulas
671 1717 838 1782 Consumtis
853 1717 978 1780 inebriat
991 1737 1086 1780 aures.

396 1840 411 1866 “
422 1843 484 1905 Rex
497 1839 628 1916 illustris,
645 1839 695 1916 ait,
711 1838 783 1902 Picti
796 1838 850 1900 tibi
866 1839 940 1900 bella
953 1837 1107 1914 minantur,

356 1963 402 2023 De
415 1961 518 2041 qnibns
534 1963 634 2042 optato
648 1958 758 2042 potoria
772 1957 900 2040 gaudere
915 1957 1072 2040 triumpho.

356 2081 502 2144 Pictorum
516 2079 627 2142 auxiliis
641 2080 763 2142 famulos
777 2079 830 2141 tibi
844 2099 925 2142 sume
939 2079 1039 2142 fideles

356 2202 397 2263 Ex
411 2199 499 2262 Pictis
513 2199 635 2280 aliquos,
653 2199 701 2280 qni
714 2199 847 2262 fraudem
861 2197 962 2262 imude
975 2201 1126 2281 repellant.
1142 2199 1156 2223 '’

358 2319 460 2382 Palliat
474 2339 544 2400 ergo
559 2319 656 2382 dolum
671 2317 739 2381 fidei
753 2321 807 2382 sub
823 2320 910 2398 nube,
926 2325 1067 2400 uocatque

357 2441 446 2522 Regis
460 2440 489 2504 in
504 2439 640 2504 auxilinm
656 2443 771 2502 centum
787 2439 885 2502 Pictos
900 2440 1088 2522 famulosque,

357 2563 393 2626 Et
406 2563 611 2626 commensales
626 2563 691 2646 ejus
704 2563 784 2640 lacit,
798 2562 854 2626 hac
868 2567 964 2625 tamen
978 2583 1045 2626 arco

357 2687 397 2748 Ut
409 2704 532 2766 quorum
546 2682 695 2747 instabiles
709 2683 819 2747 animos
833 2683 992 2764 avidosque
1005 2685 1117 2748 cruoris

357 2807 494 2882 Noverat,
510 2804 668 2867 instimulet
679 2804 708 2867 in
721 2803 799 2884 regis
813 2805 873 2866 lata
887 2804 1015 2868 clientes.

357 2925 451 2988 Allicit
464 2925 533 2988 inde
545 2927 623 2987 leves
637 2924 752 2987 diverso
766 2943 885 2988 munere
898 2928 1008 2988 mentes

356 3047 393 3110 at
405 3045 461 3108 sibl
476 3045 630 3122 connectit,
647 3050 677 3108 et
691 3065 790 3110 eorum
804 3045 904 3108 invitat
918 3065 1059 3124 amorem3

357 3155 476 3230 Potibus
490 3166 613 3230 assiduis
628 3171 761 3230 versutus
775 3165 897 3229 inebriat
911 3166 986 3230 illos.

356 3289 442 3350 Ebria
455 3290 542 3350 turba
555 3289 656 3350 ducem
671 3289 875 3354 commendans
888 3289 985 3372 psallit
998 3293 1027 3352 at
1040 3291 1133 3372 inquit
1150 3314 1156 3352 :

356 3408 371 3434 “
382 3409 434 3472 Est
446 3409 639 3490 vortigernus
654 3410 759 3491 dignus
774 3409 946 3488 diademate,
963 3417 1079 3494 sceptro

356 3529 471 3610 Dignus
486 3535 515 3592 et
528 3531 663 3613 impori03
681 3530 825 3594 Constans
840 3530 976 3612 indignus
989 3532 1111 3596 bonore.
1125 3533 1139 3558 ''

357 3649 491 3722 Quadam
504 3655 589 3712 nocte
603 3651 679 3713 uiros
694 3651 819 3714 imbutos
833 3670 950 3714 munere
964 3653 1070 3716 Bacchi

356 3771 405 3833 Sic
418 3771 476 3833 dux
490 3771 656 3852 alloquitur,
671 3772 795 3834 lacrimis
809 3793 898 3855 super
912 3793 963 3836 ora
977 3773 1104 3856 prolusis
1120 3795 1127 3834 :

354 3891 370 3917 “
379 3891 486 3955 Marcia
499 3911 581 3972 gena,
598 3892 684 3975 cujus
698 3893 828 3975 probitas
844 3895 960 3975 uulgata
974 3913 1027 3976 per
1041 3895 1139 3957 orbem

355 4014 493 4077 Hostibus
507 4017 552 4075 est
565 4017 670 4092 terror,
686 4015 772 4098 cujus
787 4016 873 4078 nichil
887 4016 984 4078 obviat
998 4017 1088 4094 ausis,

356 4134 410 4198 Cui
423 4136 466 4197 las
481 4153 564 4198 omne
579 4137 698 4216 nephas,
714 4136 752 4198 ad
767 4135 850 4217 eujus
864 4136 941 4200 nitor
954 4137 1103 4216 honorem,
