3226 5168
601 550 702 596 bross
722 549 887 596 ocrem.

228 665 366 726 Assnmus
379 663 488 746 puriter
500 662 627 744 equitum
642 662 700 724 duo
714 661 803 726 millis
815 680 926 724 meeum

228 785 263 846 Et
276 785 395 847 totidem
408 783 533 866 pedites,
550 783 600 864 qui
613 789 708 846 berum
722 788 817 846 cestre
830 787 997 863 sequentur.
1012 781 1027 806 '’

267 903 392 966 Finierat
405 923 457 966 rex
470 905 644 984 Anguselus,
661 922 726 966 oum
740 910 837 967 cetero
850 921 952 984 regum

228 1025 337 1100 Turba,
354 1025 517 1106 ducumque
531 1025 646 1101 cohors,
663 1025 738 1087 votis
751 1029 780 1087 et
794 1024 914 1087 vocibus
928 1025 1023 1107 ipsum

228 1147 316 1206 Arme
329 1165 445 1208 movere
458 1151 575 1208 monent
590 1165 644 1228 pro
658 1145 791 1208 libertate
804 1143 914 1208 tuendo
1198 1169 1258 1216 ³530

227 1265 393 1329 Utherideu.
439 1267 519 1340 Quot
533 1267 656 1348 quisque
670 1271 777 1348 potest,
794 1266 906 1347 equites
920 1265 1103 1347 pediiesque,

226 1386 315 1466 Regis
328 1387 358 1448 in
373 1387 543 1468 obsequium
557 1407 655 1450 seeum
670 1387 816 1450 deducere
829 1393 918 1450 iexob

228 1505 322 1568 Guiiia
337 1508 478 1589 promittit
491 1508 619 1589 equitnm
634 1508 682 1568 bix
696 1527 747 1568 sex
761 1507 906 1588 legiones3

227 1627 343 1690 Excedit
359 1647 510 1690 numerum
524 1629 653 1710 peditum
668 1627 822 1710 promissio
838 1633 959 1692 eertum.

267 1750 327 1813 Rex
341 1750 431 1830 igitur
445 1751 575 1832 gaudens
590 1756 634 1813 iob
647 1752 737 1814 fortes
750 1771 814 1813 esse
827 1756 945 1834 peruios

227 1871 299 1953 Ejus
313 1873 340 1934 in
355 1873 536 1953 obsequium,
553 1880 651 1954 grates
665 1873 804 1956 impendit
818 1873 925 1970 eisdem

226 1993 355 2074 Regibus
369 1999 398 2056 et
411 1995 546 2070 ducibus,
563 2002 593 2057 et
606 2015 656 2057 eos
671 1997 708 2058 ud
723 1995 843 2078 proprie
856 1996 956 2072 mii-tim

226 2115 262 2176 Et
271 2115 357 2197 jubet
371 2121 403 2178 ut
417 2116 533 2179 uenient
547 2117 636 2180 cicius
649 2123 784 2197 terreque
797 2118 927 2198 murique

227 2235 271 2297 Ad
286 2236 411 2300 borbum
424 2236 543 2300 flurium
556 2257 622 2300 oum
635 2238 729 2300 turbis
743 2238 971 2320 prenumerutis;

227 2357 420 2439 dssignutque
434 2360 509 2422 diem
523 2360 651 2422 venturis
666 2360 789 2437 cetibus,
805 2359 882 2422 illem

227 2478 258 2540 in
272 2498 329 2558 quo
343 2479 379 2542 de
392 2481 525 2542 monibus
540 2481 616 2542 Petri
631 2479 762 2542 cecidere
776 2481 908 2542 ooibene.

227 2597 287 2661 Hiis
301 2599 398 2678 dietis,
414 2620 551 2684 proceres
565 2621 690 2684 propere
705 2601 742 2663 de
755 2606 836 2664 turre
851 2607 1011 2684 gygantum

225 2721 425 2798 Descendunt,
441 2722 607 2804 patriosque
621 2728 739 2804 petunt3
756 2741 821 2786 oum
836 2743 886 2784 rex
900 2722 1043 2786 duodenis

225 2841 416 2925 Respondens
430 2843 561 2922 senibus,
576 2863 649 2925 quos
663 2843 800 2927 princeps
813 2845 944 2921 miseret,
960 2845 1050 2925 inquii
1068 2867 1073 2905 :

227 2963 241 2990 ‘²
252 2963 349 3027 Dicite
361 2966 498 3028 Romanis
513 2966 564 3047 qui
578 2985 629 3030 vos
642 2967 758 3044 misere,
775 2967 928 3030 Britannos

225 3086 354 3149 Romano
365 3087 427 3170 juri
440 3089 518 3150 nullo
533 3087 650 3171 dejure
663 3089 799 3166 subesse;

224 3207 342 3286 Nosque
356 3208 450 3270 seiont
462 3209 492 3270 in
506 3213 597 3270 murte
610 3209 699 3288 ieros,
715 3209 744 3270 in
759 3228 831 3292 peoe
845 3209 970 3290 quietos.

224 3328 345 3391 Romam
360 3329 486 3392 munitus
500 3330 612 3392 venium
626 3350 684 3394 non
699 3351 759 3409 ere,
774 3329 828 3394 sed
841 3331 938 3407 ermis,

224 3448 264 3509 Ut
275 3448 385 3530 repium
399 3454 450 3512 eut
462 3449 583 3512 reddum
597 3449 691 3513 vietor
705 3451 833 3516 vietusre
847 3452 996 3514 tributum.
1012 3453 1026 3476 '’

225 3567 294 3630 inde
308 3589 392 3632 senes
405 3571 524 3632 Romam
538 3571 673 3647 redeunt,
688 3591 885 3653 responsoque
900 3573 978 3652 regis

224 3689 359 3752 Romanis
374 3691 513 3752 referunt.
557 3691 670 3754 Auditis
683 3693 775 3754 Rome
789 3699 931 3755 movetur.

224 3809 341 3886 Lucius,
357 3809 455 3872 oudito
469 3830 610 3892 responso
624 3812 713 3893 regis,
729 3813 765 3874 ub
780 3831 833 3874 ere

225 3929 371 3992 Convocat
385 3950 446 4006 eos,
462 3950 547 4011 reges
560 3951 771 4013 procerumque
784 3938 926 3995 catervas.

224 4051 357 4133 Egyptns
372 4051 465 4126 bibio,
481 4052 642 4128 Bebiioniu,
660 4052 774 4129 Greeio,
792 4055 877 4117 Crete

225 4173 336 4234 Mereut
348 4172 507 4235 discessum
521 4191 621 4252 regom
637 4193 848 4256 procerumque
862 4194 992 4238 snorum.

1085 4303 1099 4346 o
