3206 5134
338 505 378 567 59
611 523 717 567 eesrn
739 523 852 568 nncuu
874 523 1091 568 nerrnnnrre.

338 633 468 714 imponet
481 651 537 714 pen
551 631 607 694 iste
616 632 722 714 jugum
736 632 839 694 servile
851 633 969 694 suturis.

339 753 455 818 Cesaris
469 759 497 815 et
510 752 714 854 regislirmetn
728 773 811 834 pece,
827 753 929 815 tributi

338 875 448 934 Texetn
463 893 593 950 numeru,
609 874 695 956 cujus
710 874 765 935 trie
779 875 855 935 milia
870 895 980 936 summe
995 883 1039 936 est

337 996 516 1058 llercherum
530 997 653 1077 argenti,
669 1001 738 1059 tunc
753 1002 852 1058 nostre
867 997 1014 1059 Britannia
1028 997 1150 1078 primum

339 1115 470 1178 nddiscii
483 1121 600 1198 portare
611 1117 716 1200 jugum
730 1117 936 1197 dominumque
950 1118 1061 1180 timere.

343 1237 521 1313 Venenum,
537 1237 638 1313 Cesar,
654 1239 782 1300 collectis
796 1237 923 1317 undique
938 1239 1050 1314 turmis,

339 1357 446 1420 Tendit
458 1357 489 1418 in
503 1357 639 1419 Ytellem.
682 1357 842 1420 Confundit
856 1359 956 1438 fasque
970 1360 1152 1440 nephnsque;

339 1479 448 1542 (lenire
462 1497 641 1542 communem
655 1479 761 1541 bellum
774 1479 848 1560 gerit
864 1479 1032 1555 utilitatem

340 1600 487 1682 Pompeyo
503 1599 641 1680 fugiente,
658 1599 712 1662 sibi
725 1600 769 1662 ris
785 1599 911 1661 vindicet
925 1619 1020 1662 omne.

341 1723 379 1783 At
392 1726 545 1803 postquam
559 1723 656 1804 Tyten
670 1727 780 1803 septem
796 1723 989 1802 compleverat
1001 1741 1103 1798 annos,

341 1843 556 1904 Cessibellanus
571 1847 671 1904 netnre
687 1843 785 1904 debite
799 1844 895 1904 solvit.

342 1962 479 2024 Succedit
491 1962 550 2024 dur
565 1964 712 2028 Corunbie
728 1965 910 2027 'lenuencius
926 1965 980 2040 illi;

340 2083 414 2146 Nem
429 2084 488 2146 dux
501 2087 676 2166 Androgeus
690 2087 762 2148 ieret
775 2107 840 2149 cum
856 2087 962 2150 Cescre
975 2088 1106 2150 Romam.

341 2203 501 2285 Kybelinns
515 2206 542 2267 ei
557 2207 696 2282 succedit,
716 2207 792 2270 lilius
808 2209 884 2290 ejus,

343 2325 437 2396 Quem
452 2325 534 2407 prius
549 2328 697 2407 Angustus
711 2329 801 2391 Rome
816 2329 983 2405 nutriverat,
1000 2329 1087 2391 ermis

339 2445 492 2522 llunieret,
509 2445 591 2508 donis
606 2447 757 2510 ditaverat.
799 2449 882 2510 Unde
898 2449 1036 2520 Quirinos

341 2567 443 2648 Diligit
456 2568 486 2631 in
500 2573 622 2646 tentum,
640 2569 718 2649 quod
733 2589 796 2632 cum
811 2570 933 2632 retinere
948 2571 1088 2633 tributum

342 2686 403 2750 Nec
418 2687 488 2751 dere
502 2688 638 2753 Romanis
652 2689 756 2771 possit,
773 2689 835 2752 sine
850 2709 996 2753 murmure
1011 2691 1117 2754 reddit.
