3206 5134
577 515 843 568 blaterantes.

196 637 236 700 Se
250 634 396 698 deffendat
406 634 456 711 ibi,
474 633 541 695 valli
555 631 712 695 munimine
726 635 816 692 tutus.

196 757 343 820 Gofforins
356 776 431 820 nova
446 760 541 818 casua
554 754 656 816 ridens
673 775 679 814 :
697 752 711 778 ‘¹
723 753 801 814 Proh
813 751 940 832 Jupiter!
956 749 1059 830 inquit,

195 877 271 949 Quis
285 879 365 939 Deus
380 877 511 940 exulibus
524 875 632 938 nostris
646 873 774 936 ostendit
788 873 817 934 in
831 873 910 934 boris

194 998 330 1061 Condere
343 999 511 1060 castellnm?
553 999 686 1077 Satrape,
702 993 876 1076 prosternite
889 992 1010 1067 vallum3

193 1118 301 1180 Ducite
315 1117 492 1192 semimares,
507 1121 559 1178 aut
570 1136 653 1178 cesos
667 1113 775 1178 tradite
788 1113 905 1176 morti.'’

194 1239 353 1299 Armantur
367 1237 443 1300 Galli
457 1235 607 1310 velociter3
624 1253 704 1297 arma
717 1240 875 1315 capescunt

194 1357 319 1438 Trojani
333 1357 433 1419 cicius.
476 1357 548 1418 Pars
562 1359 685 1434 utraque
698 1354 792 1417 tendit
805 1355 842 1416 ad
856 1355 935 1418 illum

194 1476 354 1540 conflictus
370 1495 514 1558 eampum.
558 1477 618 1539 Sua
631 1495 699 1558 spes
713 1475 827 1556 utrique
841 1475 1018 1557 triumphum

195 1597 342 1659 Promittit
354 1596 445 1678 parti;
461 1595 515 1658 sed
530 1615 587 1658 non
602 1601 698 1658 manet
712 1596 804 1658 exitus
818 1595 909 1658 idem.

194 1718 307 1782 Omnes
321 1719 349 1780 in
365 1717 465 1780 Gallos
479 1721 656 1780 concurrunt
670 1717 784 1797 agmina
798 1717 890 1780 Bruti.

196 1840 352 1900 incurrunt
364 1837 393 1899 in
407 1856 472 1900 eum
487 1837 572 1900 Galli.
615 1837 745 1900 Victoria
758 1837 850 1900 nescit

195 1961 252 2024 Cui
266 1961 343 2042 parti
356 1961 461 2038 faveat,
478 1960 547 2023 dnm
561 1961 638 2024 biars
652 1979 707 2022 sna
720 1961 777 2022 tela
789 1959 944 2022 ministrat.

196 2081 226 2142 ln
242 2082 337 2162 primo
351 2081 416 2143 belli
431 2080 577 2158 condictu,
594 2081 698 2143 Troica
713 2082 799 2142 turba

195 2202 330 2262 Prevalet
343 2201 503 2282 agminibus
517 2201 610 2281 regis3
627 2201 685 2262 duo
699 2201 787 2264 millia
801 2202 886 2264 morti

197 2321 347 2384 Gallorum
362 2321 430 2384 data
441 2327 524 2399 sunt;
541 2327 676 2385 creseunt
689 2327 784 2384 umen
799 2323 914 2402 agmina
927 2324 1014 2402 regis.

195 2441 378 2504 Decreseunt
392 2443 496 2519 Troes,
512 2443 643 2524 quamvis
655 2443 766 2524 majore
779 2448 928 2524 prematur

196 2561 310 2624 Gallica
323 2563 406 2624 clade
419 2564 534 2643 eobors,
550 2569 578 2625 et
592 2564 698 2626 Troica
713 2563 797 2626 turba
811 2564 932 2627 minore.

195 2682 286 2762 Regis
301 2683 330 2744 in
344 2683 480 2745 auxilium
495 2689 672 2746 concurrunt
685 2683 813 2764 nudique
828 2683 918 2759 Galli,

197 2801 288 2873 Quod
301 2803 368 2864 Dux
381 2802 570 2884 prospiciens,
587 2803 680 2864 socios
695 2803 725 2864 iu
739 2809 835 2866 castra
847 2805 970 2866 reducit.

196 2922 354 2984 Incurrunt
367 2922 396 2982 in
410 2942 460 2984 eos
474 2927 535 2983 toto
550 2921 699 2984 conamine
716 2922 800 2986 Galli.

197 3042 236 3104 Se
249 3043 325 3104 benc
339 3035 509 3104 deffendunt
523 3041 594 3104 infra
609 3041 765 3104 munimina
779 3043 844 3104 valli

197 3161 339 3223 Dardanii
350 3161 484 3244 juvenes,
501 3160 612 3242 lapides
626 3166 657 3224 et
669 3161 769 3242 previa
782 3163 882 3224 mortis

197 3281 317 3362 Spicula
329 3281 474 3344 mittentes
488 3281 517 3343 iu
532 3301 581 3342 eos
596 3286 626 3344 et
638 3282 715 3343 mille
729 3283 860 3362 sagittas.

199 3401 230 3463 ln
243 3420 346 3464 nemus
360 3401 506 3464 adducens
521 3421 617 3465 secum
630 3402 688 3464 tria
702 3402 779 3466 milia
793 3404 912 3480 Troum,

198 3521 263 3584 Erit
278 3521 315 3583 de
329 3521 430 3584 castris
445 3521 585 3584 Corineus
600 3521 638 3583 de
650 3526 735 3584 nocte
749 3523 883 3584 latenter.

198 3644 236 3703 At
249 3644 371 3718 Brutus,
387 3661 452 3704 cum
461 3643 524 3724 jam
538 3641 615 3724 cepit
628 3643 737 3704 clarere
752 3642 809 3704 diei

199 3763 296 3824 Aurea
309 3762 368 3836 lux,
383 3767 494 3823 reserat
506 3761 620 3823 firmata
632 3761 772 3841 repagula
785 3762 861 3824 valli.

199 3881 359 3963 Egrediens
374 3882 502 3964 Trojana
516 3883 621 3945 cohors
635 3901 667 3944 se
680 3882 767 3944 mittit
780 3883 808 3944 in
823 3884 936 3960 hostes;

201 4003 358 4082 insurgunt
371 4003 398 4064 in
412 4022 474 4064 cam
489 4003 563 4066 Galli
582 4024 588 4064 :
606 4003 682 4064 llars
696 4022 831 4083 morsque
845 4005 1052 4086 propinquant.

201 4123 320 4204 Spicula
333 4123 409 4184 mille
421 4123 528 4198 volant,
544 4123 694 4185 obnubunt
707 4123 783 4185 mille
798 4125 901 4204 sagitte
