3226 5168
334 535 390 600 l3‘l
578 593 583 600 .
611 551 717 600 eusci
738 553 852 600 ueoou
875 553 1087 600 rurrrnnrn.

327 666 363 728 Et
378 665 455 727 venit
468 663 507 726 ud
521 668 659 742 mentm,
675 683 746 727 casu
759 663 893 742 ducente,
910 664 1062 741 minorem,

330 785 556 868 Ascendeusque
568 785 651 849 cudit
665 804 764 849 vocem
778 785 920 862 mulieris;
936 785 973 848 ud
989 787 1084 866 ignem

327 905 456 983 Accedit,
472 907 658 989 tumbamque
673 906 762 983 videt,
774 906 917 990 justeque
931 906 1079 969 sedentem

328 1027 429 1092 Cernit
441 1048 529 1092 unum
542 1027 669 1105 flentem,
685 1030 868 1112 plangentem
884 1033 985 1110 pectus
999 1029 1096 1108 inane,

328 1149 411 1212 Totis
424 1149 578 1227 dicentem,
594 1149 723 1230 singultu
736 1150 825 1212 uerbo
838 1153 976 1230 sequente
993 1170 999 1209 :

328 1272 343 1298 “
354 1273 429 1337 Sere
443 1273 527 1350 deus,
544 1292 596 1335 cur
610 1291 655 1334 me
669 1276 737 1355 post
751 1291 817 1336 cure
830 1271 916 1334 sunus
932 1271 1067 1354 alumpne

327 1393 433 1457 Vivere
447 1393 600 1477 permittis,
618 1393 642 1455 si
656 1394 700 1456 ies
714 1397 759 1456 est
773 1391 869 1455 dicere
883 1392 968 1454 vitem

328 1516 393 1588 Que
407 1537 477 1580 nece
491 1515 525 1578 fit
538 1516 654 1596 gravior
669 1527 699 1578 et
712 1535 788 1598 pene
801 1514 897 1577 sevior
912 1515 1007 1578 omnil

329 1640 355 1702 Ο
371 1659 470 1721 quum,
486 1639 580 1721 virgo,
595 1645 645 1703 tue
659 1659 750 1720 genus
765 1645 811 1701 est
823 1637 986 1701 miserabile
1000 1637 1116 1700 mortist

328 1764 388 1825 lloe
402 1769 497 1825 tumen
512 1763 575 1845 ipse
588 1761 674 1824 michi
689 1761 796 1824 solacis
810 1766 923 1823 mortus
937 1763 1054 1843 prebes,

328 1882 417 1956 Quod
430 1884 570 1946 tumulata
581 1884 664 1967 juces
678 1883 739 1946 sine
753 1881 879 1965 dompno
893 1881 1077 1962 uirginitatis.
1092 1881 1107 1906 ”

324 2008 389 2070 Vox
402 2012 465 2069 eret
479 2007 507 2068 iu
521 2025 608 2069 cursu
624 2005 720 2068 subito
735 2025 799 2067 cum
816 2005 934 2066 sustulit
948 2024 1011 2080 ore,

324 2127 545 2210 conspectoque
560 2127 621 2189 viro
639 2148 645 2186 :
662 2126 678 2152 ¹*
691 2126 757 2198 Que
770 2131 799 2188 te
815 2125 975 2203 clemencia,
989 2125 1073 2201 dixit,

326 2249 416 2312 Duxit
429 2249 459 2310 in
473 2250 550 2313 hunc
564 2251 707 2313 montem?
748 2247 914 2311 Miseranda
927 2253 1020 2310 rnorte
1035 2247 1145 2330 peribis

325 2371 414 2434 Hoste
428 2371 483 2433 sub
496 2369 627 2449 infundo,
643 2369 773 2452 presenti
787 2373 883 2432 nocte.
927 2369 1042 2432 Recede
1299 2391 1359 2437 enon

326 2493 403 2555 Dum
417 2491 496 2556 licet.
539 2493 589 2555 llle
602 2510 708 2575 gyges,
724 2495 886 2553 monstrum
901 2489 1041 2566 deforme,
1057 2507 1187 2552 cruorem

325 2614 487 2676 llumunum
500 2613 618 2692 siciens,
634 2615 730 2677 veniet
743 2633 809 2676 cnm
823 2613 906 2676 leuce
920 2617 1050 2688 cruente,

326 2736 361 2798 Et
374 2737 448 2801 mule
462 2736 625 2819 dispersum
639 2756 729 2799 vacuo
744 2741 774 2799 te
787 2735 894 2799 condet
906 2735 936 2796 in
951 2736 1027 2799 elvo.

323 2856 417 2940 Cujus
432 2857 462 2920 in
477 2858 611 2940 amplexu
625 2859 717 2920 formu
730 2855 885 2938 perterrita
899 2853 1032 2930 monstri,

325 2981 391 3042 Non
405 2983 542 3062 corrupte
555 2983 663 3056 umen,
679 2977 767 3040 uitem
781 2977 873 3040 linivit
888 2977 969 3039 Hoeli

324 3099 439 3182 Neptis,
454 3117 539 3180 quum
554 3098 675 3181 proprio
689 3097 796 3161 nutrivi
810 3098 900 3174 lucte3
918 3095 1044 3176 dedique

325 3221 496 3284 Defunctum
511 3221 633 3297 tumulo,
649 3239 734 3302 quem
748 3220 789 3283 sic
803 3219 935 3282 custodio
949 3221 1062 3300 lugens.

324 3344 363 3404 tlt
376 3347 530 3424 postquem
544 3339 611 3404 ledo
625 3341 704 3405 coitu
719 3341 818 3404 ledere
832 3341 961 3422 nequivit

323 3461 375 3523 lllo
389 3479 483 3544 gyges
498 3462 635 3524 Helenam
649 3467 817 3545 preventum
831 3465 935 3538 morte,
950 3459 1058 3522 furoris

323 3581 356 3643 lu
370 3599 416 3644 me
429 3583 571 3646 convertit
583 3582 704 3659 rabiem,
720 3601 890 3662 mecumque
904 3579 1004 3656 coivit;

324 3701 384 3765 Sed
398 3703 490 3765 celum
504 3707 597 3766 testor
611 3707 640 3765 et
653 3703 707 3766 celi
717 3702 799 3786 jura,
814 3701 899 3764 michi
912 3702 970 3765 vim

325 3821 425 3886 lutulit
437 3821 537 3886 invite.
580 3823 679 3900 Miser,
694 3822 762 3885 hinc
776 3822 857 3903 iuge!
869 3821 931 3904 jam
946 3821 1024 3884 uenit
1036 3822 1084 3885 ille

325 3941 370 4004 Ad
384 3941 499 4005 solitum
515 3942 632 4005 coitum.
676 3943 708 4005 Si
723 3963 776 4005 nos
789 3941 931 4004 invenerit
945 3961 1014 4018 une,

325 4062 419 4134 Quam
434 4065 519 4140 teme,
536 4081 621 4144 quum
635 4063 704 4140 telo,
722 4063 869 4146 duplicate
882 4061 972 4125 seviet
983 4061 1038 4124 ire.
1052 4061 1067 4086 ¹’

322 4183 383 4246 lliis
397 4184 494 4246 verbis
509 4188 681 4260 commotus,
697 4183 737 4245 nit
754 4205 760 4243 :
778 4183 926 4245 “Dimitte
941 4183 1084 4263 querelas,
