3226 5168
360 491 398 552 98
636 507 742 553 cesrr
763 507 878 553 nacon
900 507 1110 553 enrrrunrre.

357 619 373 680 J
376 617 499 680 odicium
515 635 579 679 cnm
590 615 711 698 justicia
723 619 889 696 rectumque
903 613 1046 697 fidemque

357 737 470 814 Servat,
486 741 515 798 et
528 741 645 800 enervat
658 736 811 799 contraria.
854 735 948 798 Predo
964 736 1098 816 quiescit,

357 857 416 921 Fur
429 861 534 934 cessat,
549 859 593 920 vis
606 857 684 919 nulla
696 856 786 939 rapit,
800 875 857 938 pax
871 861 974 936 regnat
988 875 1135 938 amorque.

358 977 467 1059 Opide,
481 996 562 1054 rura,
577 976 689 1054 domos,
705 977 792 1040 urbes
806 996 870 1042 cum
885 977 1016 1040 menibus
1030 976 1107 1054 allis,

355 1097 545 1160 Exheredatis
558 1095 665 1174 reddit,
680 1116 754 1178 quos
768 1097 872 1162 efferus
885 1097 976 1159 hostis

355 1216 561 1280 Exheredarat.
604 1217 709 1298 Plagae
722 1217 830 1280 herede
843 1221 975 1280 ementes

354 1335 413 1399 lllis
426 1336 556 1418 assignat
568 1337 641 1401 bene
656 1336 707 1420 qui
721 1355 852 1401 meruere
866 1336 1011 1418 maniplis,

354 1455 398 1520 Ne
412 1456 481 1538 qnid
494 1455 675 1539 inexpertum
689 1457 909 1540 desolatumque
922 1457 1067 1538 relinquat

354 1575 533 1639 Eredicando
547 1575 630 1653 vicie,
646 1581 676 1639 et
687 1577 844 1659 plantando
858 1577 999 1640 bonorum

352 1695 476 1760 Radices
489 1715 620 1779 operum.
662 1695 799 1778 Regionis
814 1696 914 1759 circuit
926 1698 1025 1774 urbes,

351 1815 588 1898 Wintoniamque
601 1817 692 1894 venit;
708 1817 836 1880 Eldonus
850 1817 1004 1899 episeopus
1020 1817 1115 1900 ipsum

352 1935 398 1999 Ad
411 1941 537 2000 montem
546 1937 641 2015 ducit,
656 1937 707 2000 uhi
720 1937 854 2020 proditor
866 1937 914 2000 ille
927 1937 1081 2001 Britannos

350 2057 486 2139 Engistus
500 2078 636 2140 proceres
651 2058 753 2121 cultris
764 2059 952 2142 jugulaverat
966 2059 1045 2122 olim.

391 2177 561 2260 Conspectis
574 2179 661 2259 igitur
674 2179 804 2255 tumulis,
820 2179 948 2261 suspiria
961 2178 1043 2242 ducit

351 2295 479 2360 Pectoris
493 2317 528 2361 cx
541 2297 608 2374 imo,
625 2297 806 2380 lacrimisque
818 2297 973 2360 liuentibus
987 2298 1082 2379 inquil
1098 2320 1105 2360 :

349 2415 365 2444 '¹
377 2417 403 2480 0
416 2437 569 2500 procerum
583 2436 724 2498 generosa
738 2418 856 2480 eohorsl
871 2438 888 2479 ο
903 2417 991 2498 digna
1004 2418 1144 2500 perhenni

349 2536 454 2600 Extolli
468 2536 586 2600 laudum
599 2537 697 2599 titulol
713 2541 765 2598 lua
778 2555 856 2599 mors
870 2537 1002 2620 preeiosa

350 2657 402 2720 Est
414 2657 445 2720 iu
459 2661 615 2740 conspectu
628 2657 755 2720 Domini.
798 2659 864 2720 Tus
877 2657 934 2720 vile
947 2657 1131 2740 sepulchrum

351 2781 428 2845 Osse
441 2779 524 2860 tegit,
539 2779 696 2860 meliorque
709 2778 752 2842 tui
765 2797 833 2860 pars
848 2779 940 2858 lulget
952 2778 982 2842 in
996 2779 1091 2842 astris.
1177 2837 1178 2841 ,

350 2899 382 2961 Si
396 2918 460 2962 mea
472 2899 546 2962 lorte
559 2899 631 2962 meis
644 2898 720 2961 votis
733 2897 878 2960 suffecerit
890 2903 964 2974 etas,

350 3020 432 3082 Hunc
443 3038 498 3100 ego
512 3022 653 3101 perpetuo
666 3022 792 3081 montem
806 3019 967 3082 venerabor
980 3019 1103 3096 honore,

349 3141 382 3204 lu
395 3159 453 3222 quo
467 3160 534 3204 cesa
544 3140 626 3222 jaces
639 3160 693 3223 pro
707 3140 840 3203 libertate
852 3139 970 3203 tuenda.
984 3139 999 3164 ”

349 3261 441 3338 Dixit,
457 3265 486 3323 et
497 3259 621 3323 artifices
635 3259 673 3322 de
686 3259 767 3340 regui
781 3259 913 3342 partibus
928 3278 1027 3324 omnes

350 3379 528 3462 congregat,
542 3379 723 3460 ingeniisque
737 3379 798 3442 suis
812 3377 940 3442 velocius
956 3380 997 3442 uti

348 3502 387 3566 Ut
399 3503 467 3566 felix
481 3506 510 3565 et
522 3521 629 3584 perpes
642 3519 716 3581 opus
732 3499 908 3580 dignumque
921 3500 1013 3564 relatu

347 3621 488 3684 Edilieent
500 3621 529 3684 in
542 3621 652 3683 honore
665 3623 793 3702 petrum.
835 3617 978 3682 Dubilaut
991 3619 1128 3702 aiuntque

348 3740 492 3820 Artifices,
509 3741 574 3822 quis
588 3744 689 3822 posset
702 3759 776 3822 opus
790 3739 930 3804 fabricare
944 3741 1102 3823 perhenne,

347 3863 448 3924 Pretcr
462 3880 526 3924 eum
541 3861 592 3942 qui
605 3866 709 3925 cumcla
720 3881 773 3924 suo
788 3859 926 3941 produxit
941 3860 1044 3924 adesse

347 3982 476 4062 lngenio,
492 3981 542 4062 qui
556 3981 719 4062 congeriem
736 3981 833 4042 divisit
846 3986 876 4044 el
890 3980 957 4043 inde

346 4102 438 4165 Omne
451 4101 529 4182 quod
544 4107 598 4178 est,
614 4102 692 4182 quod
707 4101 762 4164 erit
775 4107 803 4162 et
818 4100 896 4179 quod
910 4101 975 4178 luit,
993 4101 1095 4166 ordine
1106 4103 1246 4185 sumpsit;
